3186 5282
687 495 726 560 81

608 587 812 595 —-—-—--—-—

148 719 278 783 usque
316 700 364 765 ad
400 699 640 764 Phaedrum
677 701 866 782 scripserunt
900 702 968 766 et·
954 721 1102 790 averem,
1126 701 1268 783 -averim,

144 783 933 914 mete.)
965 823 1036 886 et·
1021 840 1132 899 -33333,
1165 822 1268 897 arim,

839 899 1243 928 ‘'ww-f

147 941 254 1004 arunt
154 938 525 1050 (·oram
430 957 540 1020 -oram,
564 939 675 1003 ·ieram
698 940 781 1021 dit-l.
815 939 868 1003 sed
899 939 1064 1004 221332333
1096 958 1217 1022 semper
1238 941 1268 1003 in

809 1031 910 1044 m·
911 1013 1258 1042 ,ww

147 1060 206 1124 fine
169 1078 334 1125 neuorsus
364 1061 541 1146 pesuerunt.
586 1059 746 1126 Seneca
777 1079 815 1125 ne
846 1062 877 1124 in
910 1061 970 1125 fine
1003 1059 1270 1148 guillemans-ter

248 1300 281 1384 2)
320 1299 467 1365 Omnes
499 1301 648 1383 poetae
681 1299 859 1364 iambici
890 1299 988 1364 inde
1020 1319 1038 1364 a
1067 1299 1270 1364 Tericent

146 1437 265 1516 semper
287 1419 350 1484 fere
372 1419 481 1484 formis
505 1419 669 1484 contractis
693 1407 840 1502 332223),
849 1420 979 1501 -3333332
981 1419 1066 1503 )332
1089 1421 1169 1484 sunt.

249 1540 326 1604 Cum
351 1541 387 1605 de
410 1540 440 1604 f
432 1559 499 1604 rna
522 1559 666 1604 versuum
690 1539 808 1621 loquor,
833 1540 1076 1622 breviloquentia
1096 1542 1175 1619 3233,
1198 1559 1270 1608 narn

145 1660 237 1738 idem,
271 1659 350 1741 quod
384 1659 424 1724 ad
450 1677 596 1724 versuum
618 1658 712 1724 finem
734 1660 878 1742 pertinet
911 1661 943 1725 in
966 1679 1035 1724 eum
1059 1677 1178 1743 quoque
1201 1679 1270 1724 ver·

146 1799 234 1845 suum
259 1780 368 1862 pedem
392 1779 485 1858 cadit,
508 1781 562 1863 qui
584 1781 669 1862 prius
692 1782 942 1846 tetrametrorum
964 1781 1068 1844 κῶλον
1088 1781 1175 1859 22322;
1198 1799 1270 1846 nam

146 1920 215 1965 curn
247 1901 316 1964 octo
346 1899 440 1982 pedes
471 1900 522 1965 vel
544 1901 658 1984 integri
680 1900 731 1966 331
762 1901 934 1966 catalectici
964 1902 1069 1983 paullo
1100 1902 1271 1985 longiorem

146 2040 269 2086 versum
301 2020 444 2100 efficiant,
484 2040 576 2104 quam
609 2022 662 2104 qui
694 2041 754 2086 uno
785 2023 869 2088 vocis
901 2023 1011 2105 spiritu
1044 2024 1269 2106 pronuntietur,

49 2193 56 2200 .
144 2141 251 2206 notum
282 2144 330 2206 est
361 2143 466 2225 poetas
498 2142 631 2208 diaeresi
665 2160 742 2224 quae
766 2141 879 2207 dicitur
902 2143 933 2206 iu
958 2145 1036 2208 duas
1058 2144 1161 2224 partes
1185 2143 1269 2208 octo·

144 2263 245 2328 uarios
268 2262 299 2326 et
322 2263 510 2344 septenarios
534 2262 677 2329 divisisse
699 2267 731 2327 32
752 2262 846 2327 madii
862 2281 967 2327 versus
984 2263 1153 2328 clausulam
1170 2263 1268 2328 isdem

144 2383 207 2449 fere
228 2383 350 2466 legibus
375 2383 591 2448 constrinxisse
614 2402 650 2448 ac
672 2383 768 2448 totius
791 2402 897 2448 versus
916 2383 1029 2460 finem;
1053 2385 1126 2466 quin
1149 2384 1267 2449 hiatum

144 2504 174 2566 in
207 2503 374 2586 septenarii
405 2503 531 2568 iambici
563 2503 693 2568 diaeresi
725 2505 901 2588 legitimum
931 2504 1027 2568 fuisse
1060 2505 1268 2570 interamnae

143 2621 273 2700 constat,
305 2622 380 2686 item
413 2620 495 2686 haud
518 2623 617 2704 pauci,
652 2623 764 2704 quibus
786 2625 853 2706 ipse
875 2642 924 2688 me
947 2623 1090 2706 adiungo,
1123 2643 1183 2688 non
1207 2625 1269 2689 exi·

143 2743 271 2808 stimant
302 2743 446 2807 hiatus
436 2763 468 2806 1n
493 2743 624 2808 diaeresi
647 2743 910 2810 trochaicorumt
895 2745 1049 2812 tollendos
1073 2764 1149 2824 3333,
1185 2747 1268 2810 cete·

141 2881 210 2927 rum
242 2862 343 2928 adhuc
374 2863 430 2927 sub
462 2863 562 2929 iudice
594 2863 633 2928 lis
665 2864 722 2928 est.
766 2863 855 2929 Nihil
878 2865 974 2960 igitur
995 2865 1142 2929 interesse
1165 2865 1214 2928 323
1215 2867 1267 2928 233

767 2945 912 2967 “pa—nm...
946 2947 1042 2958 ..υ-υ
1046 2947 1261 2962 *mn-a·

141 2983 222 3047 inter
244 3001 393 3082 versuum
410 2983 503 3047 finem
526 2985 558 3060 32
579 2984 762 3082 diaeresim,
789 2985 869 3067 quod
892 2985 1136 3070 Engelbreehtus
1161 2986 1266 3070 negle-

118 3073 340 3098 W·

142 3120 213 3184 gere
244 3121 304 3168 non
335 3074 450 3168 debuit.
498 3103 551 3168 Sin
583 3104 651 3186 quis
683 3105 814 3168 miratus
845 3105 1024 3187 interroget,
1060 3125 1210 3189 quaenam
1235 3109 1267 3172 in

139 3239 246 3285 versus
277 3221 337 3286 fine
368 3222 414 3286 vis
446 3222 614 3304 singularis
636 3223 738 3300 fuerit,
772 3225 807 3287 ut
830 3241 865 3287 eo
888 3224 955 3290 loco
978 3225 1091 3290 formas
1114 3228 1266 3309 pleniores

139 3343 210 3422 poni
234 3341 364 3420 licuerit,
397 3341 467 3406 aliis
491 3360 550 3406 non
574 3343 706 3422 licuerit,
739 3343 788 3409 illi
810 3344 929 3410 duabus
953 3345 1010 3410 hoc
1033 3347 1176 3412 effectum
1200 3369 1266 3414 esse

143 3460 243 3526 causis
266 3461 523 3543 respondendum.
1044 3531 1052 3540 s

240 3582 322 3648 Nam
345 3583 481 3664 primum
505 3581 629 3664 quidem
652 3602 706 3665 per
729 3601 761 3648 se
785 3585 871 3665 patet
892 3585 971 3650 tales
995 3587 1108 3653 formas
1140 3591 1265 3671 (prioris

140 3701 208 3765 dico
231 3702 346 3768 ordinis
370 3703 501 3788 formas)
526 3705 702 3786 aptissimas
726 3723 803 3782 3333,
838 3724 915 3787 quae
937 3709 1071 3772 33333233
1095 3709 1145 3772 332
1167 3711 1264 3775 23233-

138 3822 254 3887 metros
276 3822 448 3888 trochaicae
479 3823 528 3889 332
550 3824 751 3890 iambiccrum
775 3828 1016 3910 septenariorum
1040 3829 1160 3910 partem
1182 3833 1265 3913 prio-

138 3961 203 4007 rem
227 3941 390 4008 claudant:
433 3944 663 4024 „amdverant“‚
689 3929 914 4026 „audiverint“‚
941 3949 1144 4030 ,3333233322
1174 3969 1266 4033 prae·

137 4064 221 4128 terea
243 4062 500 4129 considerandum
523 4066 570 4131 est
592 4066 684 4130 huius
707 4068 826 4148 generis
850 4067 964 4132 formas
996 4087 1086 4150 saepe
1109 4069 1264 4152 longiores

64 4183 67 4187 '
139 4201 216 4261 3333,
239 4202 331 4266 quam
355 4185 390 4248 ut
412 4184 473 4250 alio
496 4186 610 4250 senarii
632 4185 699 4252 loco
721 4187 895 4268 ponantnr3
917 4188 966 4253 233
989 4190 1019 4252 23
1043 4187 1122 4252 33223
1146 4189 1265 4272 „impe-

138 4312 296 4368 raveram“
321 4306 441 4370 senario
464 4305 593 4385 inlerre;
634 4327 723 4389 quem
747 4308 774 4372 si
797 4327 923 4373 caesura
946 4307 1162 4388 usitatissima,
1187 4329 1264 4392 quae

139 4418 187 4482 332
208 4421 457 4509 πενθημιμερής,
485 4445 592 4494 ornare
614 4429 660 4493 vis
