3186 5282
863 473 906 537 56

320 683 403 766 apud
426 682 502 748 alios
526 701 632 750 omnes
655 681 830 764 scriptores,
855 699 927 745 cum
951 679 1126 764 „optimus“
1151 677 1247 744 etiam
1266 678 1349 762 apud
1364 678 1445 744 hunc

320 803 368 868 bis
391 805 577 887 „optumum
603 803 753 885 scriptum
776 803 827 867 sit.
871 801 940 866 Hoc
962 818 1036 865 sane
1058 801 1163 878 miror,
1196 799 1277 882 quod
1305 817 1444 866 maxum-

320 941 358 988 ne
389 923 485 988 semel
516 923 641 1005 quidem
670 922 704 988 in
735 920 823 986 codd.
855 921 1010 986 servatum
1042 920 1163 984 est-
1186 917 1305 984 Verum
1336 935 1445 1000 quam·

320 1061 413 1125 quam
436 1059 604 1125 congruere
627 1041 783 1106 auctorem
805 1039 845 1105 ad
867 1037 1060 1104 Herennium
1082 1055 1151 1102 oum
1175 1036 1285 1102 ceteris
1302 1035 1444 1102 concludi

320 1180 381 1227 non
403 1162 486 1242 lieet,
510 1162 542 1226 at
564 1162 646 1226 certe
668 1161 707 1225 iis
731 1177 791 1224 non
815 1159 1023 1226 contradicere
1045 1159 1203 1239 concedas,
1227 1177 1305 1242 quae
1320 1159 1445 1226 tabulae

321 1299 415 1364 supra
436 1279 554 1362 positae
577 1297 632 1344 nos
656 1278 778 1344 docent.

596 1505 634 1585 5)
668 1503 855 1586 Superlctiri
878 1503 961 1587 apud
986 1505 1173 1570 Lucretium.

422 1655 549 1722 Lachm.
581 1655 672 1722 Luer.
704 1677 733 1740 p.
759 1656 821 1720 125
854 1657 909 1741 (ad
930 1657 963 1722 ΙΙ
984 1677 1010 1721 v.
1035 1656 1132 1739 867):
1173 1658 1225 1734 „in
1255 1656 1444 1723 membranis

319 1777 378 1842 boc
400 1795 460 1842 uno
483 1777 551 1843 loco
572 1777 688 1861 legitur
710 1777 892 1856 manufesta,
917 1797 1104 1843 maxuma
1126 1777 1158 1842 in
1181 1777 1210 1842 V
1232 1777 1315 1842 481⁶⁶
1334 1777 1372 1855 ¹).

608 2002 645 2082 b)
680 2001 866 2082 Superlatiri
890 1999 973 2084 apud
997 1999 1164 2064 Catullum.

423 2154 501 2219 Cum
523 2155 556 2218 in
580 2153 696 2220 Catulli
718 2155 797 2221 libro
820 2156 891 2238 plus
915 2155 1119 2238 quinquagies
1142 2153 1324 2237 superlativi
1340 2172 1445 2221 occur-

319 2275 399 2354 rant,
431 2293 551 2358 semper
578 2274 666 2340 codd.
689 2276 827 2340 vocalem
859 2279 984 2342 tenuem
1015 2275 1180 2354 tradidere,
1210 2275 1271 2341 nisi
1302 2273 1445 2359 quodinc.

320 2392 371 2472 75,
395 2392 415 2456 3
440 2395 535 2478 (intra
551 2413 578 2458 e.
595 2392 638 2458 59
653 2395 684 2459 ct
699 2393 742 2457 54
764 2395 948 2480 composito)
971 2397 1003 2460 in
1027 2395 1194 2462 Ouoniensi
1216 2444 1234 2476 „
1247 2397 1445 2479 optuma“

320 2514 471 2594 scriptum
494 2515 550 2580 est.

384 2742 428 2846 7)
462 2741 649 2824 Superletiri
673 2743 701 2804 in
726 2738 891 2804 Ciceronis
914 2741 1118 2822 epistularum
1143 2740 1229 2804 libris
1253 2739 1320 2804 XV!
1338 2738 1374 2821 ²).

422 2894 550 2961 Praeter
582 2893 739 2959 sescentas
771 2893 1030 2977 superlativorum
1061 2893 1175 2959 formas
1209 2893 1258 2976 „i“
1283 2893 1390 2957 littera
1412 2892 1446 2956 in

320 3015 440 3098 syllaba
471 3013 734 3122 autepaeuultima
765 3014 896 3096 scriptas
931 3019 989 3092 „u“
1023 3014 1147 3096 quidem
1178 3014 1274 3080 vicies
1304 3014 1336 3078 in
1359 3012 1445 3080 codd.

319 3136 476 3201 servatum
499 3136 547 3200 est
569 3137 661 3217 alque
684 3136 781 3201 semel
804 3136 836 3200 in
859 3135 1053 3201 omnibus
1076 3135 1233 3201 codicibus
1256 3133 1447 3204 aMcndels·

320 3253 427 3319 sohnio
460 3252 610 3320 adhibitis
627 3253 664 3334 ³),
702 3253 865 3337 quinquies
895 3254 927 3318 in
959 3254 1108 3321 librorum
1141 3255 1209 3320 octo
1242 3253 1446 3338 posteriorum

276 3369 280 3376 ’
320 3374 408 3440 codd.
444 3373 471 3437 D
503 3373 662 3458 [Palatino
693 3393 718 3439 s.
749 3372 912 3459 XVsXVl)
946 3374 978 3439 ct
1006 3373 1038 3438 Η
1071 3372 1253 3460 (Harleiano
1285 3391 1309 3439 s.
1332 3371 1392 3456 XI)
1408 3370 1447 3456 ⁴),

426 3653 452 3718 1)
480 3651 549 3706 Oum
577 3666 615 3706 ex
642 3652 703 3719 ipso
731 3652 862 3706 Lucretio
890 3649 1080 3716 superlativos
1103 3661 1259 3717 congerere
1275 3661 1334 3702 non
1351 3647 1447 3714 potue·

320 3741 383 3803 rim,
401 3739 587 3793 llicbstaedtii
605 3737 698 3792 indice
715 3751 785 3792 usus
803 3750 861 3791 uon
878 3735 975 3789 inveni
1002 3735 1192 3802 superlativos
1219 3735 1249 3788 in
1269 3747 1363 3787 umus
1391 3732 1447 3788 nisi

323 3828 488 3891 „maxuma“
509 3825 580 3878 illud
597 3839 615 3878 a
632 3825 812 3878 Lachmanno
830 3823 970 3876 notatum.

424 3914 450 3980 2)
477 3913 514 3967 Ut
542 3911 686 3967 Ciceronis
714 3924 798 3964 usum
826 3908 1074 3976 orthographicum
1100 3907 1282 3970 illustrarem,
1310 3905 1448 3974 epistulas

324 4001 374 4064 ,ad
391 3999 560 4053 familiarem
580 3998 646 4053 inde
664 3999 699 4052 ab
718 4011 742 4050 a.
760 3996 795 4050 58
813 3996 894 4050 datas
912 3994 994 4060 elegi,
1014 3994 1116 4060 quippe
1134 4007 1207 4060 quae
1226 3992 1324 4047 e1893
1343 4007 1360 4047 c
1377 3990 1445 4045 Lod.

321 4085 520 4141 Mendelssohn
538 4085 676 4152 apparatu
694 4083 793 4136 critico
817 4081 982 4148 plenissimo
1001 4080 1157 4135 instructae
1176 4080 1241 4134 sint.

423 4171 451 4240 3)
478 4186 504 4238 p.
523 4171 581 4233 183,
601 4170 635 4224 10
653 4168 743 4222 Mend.

389 4249 391 4254 ’
424 4258 453 4326 4)
481 4257 550 4312 Cum
577 4269 689 4323 semper
714 4256 745 4309 in
771 4254 825 4308 hac
851 4267 882 4308 re
900 4253 924 4306 Η
942 4251 1048 4306 cumD
1069 4251 1163 4314 saciat,
1191 4251 1225 4305 ab
1252 4251 1288 4304 iis
1316 4249 1450 4303 accurate

321 4358 488 4414 expressam
516 4357 580 4396 esse
607 4341 755 4408 archetypi
782 4340 935 4406 imaginem
963 4338 1111 4401 evincitur,
1139 4351 1223 4404 quem
1250 4336 1375 4390 Mediceo
1401 4333 1452 4387 vel

322 4432 469 4500 aequalem
487 4428 534 4482 vel
546 4429 615 4482 natu
628 4429 768 4482 minorem
779 4427 868 4481 fuisse
880 4423 1121 4480 Mendelssohnius
1134 4425 1172 4490 (p.
1186 4423 1279 4488 XXV)
1292 4421 1449 4477 existimat.
