3252 5274
778 553 984 668 ner..

320 773 383 839 103
415 773 525 839 veteris
556 774 672 837 formae
702 770 834 854 vestigia
853 787 920 835 esse
941 769 1002 835 Lee
1024 769 1122 851 putei,
1159 767 1213 850 qui
1235 784 1333 850 nuper
1353 764 1444 830 uber-

319 897 395 961 rime
426 894 664 976 doebissimeque
695 891 732 956 de
763 890 811 955 bis
843 889 950 955 formis
972 888 1089 972 egibb,
1121 888 1179 954 boe
1211 885 1288 952 mibi
1318 885 1444 970 quidem

320 1033 380 1080 non
398 1015 551 1095 brodarii,
584 1031 657 1078 nem
688 1011 736 1076 bis
769 1029 820 1076 sex
852 1010 992 1078 uersibus
1024 1008 1101 1074 elios
1133 1007 1268 1090 quinque
1292 1023 1446 1090 oppenere

320 1153 455 1218 possum,
485 1135 517 1199 in
548 1133 659 1216 quibus
692 1137 765 1212 „·e“
799 1132 831 1196 in
863 1131 987 1214 aliquot·
1014 1129 1171 1196 eedieibus
1201 1128 1351 1194 tredibum
1389 1145 1444 1210 pue

322 1262 412 1336 „·ee“
446 1254 585 1320 dativi
616 1254 683 1318 loeo
705 1270 766 1318 non
790 1252 893 1335 potest
914 1252 945 1315 in
969 1251 1056 1330 ‚,-ei“
1081 1250 1213 1328 muteri3
1246 1249 1319 1314 sunt
1340 1249 1444 1313 sutem

319 1375 350 1440 hi
373 1390 499 1440 versus:

472 1519 567 1592 Mere.
592 1525 670 1590 120:
694 1517 830 1611 eureesb]
855 1525 997 1603 „eurasb“
1023 1542 1128 1589 omnes
1152 1523 1234 1589 libri.

472 1645 508 1714 R.
533 1627 901 1733 4122m0ra01'„m0re“
927 1667 1033 1714 ornnes
1056 1645 1138 1711 libri.
1165 1649 1168 1656 “
1319 1727 1322 1730 ¹

473 1767 535 1833 Tri.
559 1765 640 1832 379:
665 1765 798 1853 nosbree]
825 1767 967 1847 „nostre“
993 1763 1053 1846 BC,
1078 1765 1224 1846 „nostres
1249 1739 1294 1830 Ι).Υ

472 1887 548 1953 Cisb.
570 1885 589 1949 7
596 1886 652 1951 13;
677 1886 760 1974 erae]
786 1907 858 1966 „era
881 1884 997 1966 B¹vs;
1021 1891 1133 1966 '„erae“
1156 1885 1229 1952 Bu.

472 2005 566 2071 biere.
589 2006 669 2072 398:
694 2007 843 2094 familiae]
870 2007 1027 2085 „familiai
1054 2007 1091 2071 B.

320 2173 438 2254 Quibus
468 2177 630 2259 seripturis
661 2178 762 2244 evinci
790 2177 1021 2256 ,existime‘seu
1053 2177 1118 2242 illis
1141 2177 1280 2254 uersibus
1303 2195 1321 2240 e
1342 2175 1443 2242 Leone

319 2296 422 2362 allatis
444 2301 522 2376 „-u“
545 2313 645 2363 errore
669 2298 796 2364 fortuite
819 2298 928 2364 netum
950 2316 1018 2364 esse
1033 2297 1186 2393 ²bneque
1208 2315 1279 2362 eum
1301 2296 1444 2365 debuisse

319 2417 535 2499 argumentum
565 2417 679 2484 veberis
710 2418 826 2484 formae
860 2417 944 2495 „-ei“
979 2391 1188 2484 resiibueudee
1215 2417 1287 2483 inde
1309 2417 1444 2484 trabere.

319 2532 435 2614 Quodsi
456 2535 504 2600 ibe
524 2537 580 2615 esb,
613 2535 735 2602 nullum
758 2536 925 2620 vestigium
947 2536 1054 2614 restet,
1088 2535 1149 2600 uisi
1180 2553 1276 2601 unum
1307 2534 1385 2600 illud
1407 2554 1445 2600 ex

319 2654 412 2722 Puen.
435 2656 513 2738 prol.
545 2655 585 2720 51
621 2657 808 2739 promptum,
847 2675 906 2739 que
937 2656 977 2720 de
1009 2655 1116 2720 dubito
1147 2673 1182 2720 eo
1214 2655 1324 2738 magis,
1362 2655 1444 2737 qued

319 2775 453 2842 nendum
484 2776 611 2842 reinduti
642 2784 715 2842 sunt
737 2797 755 2842 e
778 2778 878 2843 Leone
901 2777 953 2860 qui
976 2777 1058 2843 hune
1080 2777 1242 2861 prologum
1264 2795 1325 2843 nen
1347 2775 1444 2842 Pleu·

319 2895 418 2960 binum
441 2913 508 2960 esse
531 2895 759 2962 contenderent.
804 2897 949 2962 Ceterum
971 2896 1045 2962 licei
1068 2896 1101 2962 in
1123 2897 1217 2962 Pseu.
1242 2916 1287 2980 pr.
1311 2897 1351 2962 51
1377 2915 1444 2976 „ee-

320 3011 471 3079 meedisi“
495 3015 538 3080 eii
559 3014 658 3081 forme
681 3035 750 3082 vere
773 3016 930 3096 Plautina,
952 3017 1122 3100 permirum
1144 3017 1236 3095 esset,
1259 3017 1287 3082 si
1310 3015 1444 3100 quadra·

319 3135 384 3218 gies
408 3134 505 3199 series
529 3134 661 3200 Plautus
686 3137 771 3215 „-ei“
797 3137 980 3219 scripsisset,
1014 3137 1109 3203 semel
1131 3137 1190 3202 hoe
1212 3153 1272 3202 nou
1294 3137 1327 3200 iu
1352 3146 1443 3212 „·ee“

319 3255 473 3320 nurerum
497 3256 578 3321 esset
600 3255 650 3321 uel
673 3275 691 3322 e
714 3257 821 3324 scribis
845 3257 895 3323 vel
917 3257 1176 3342 egremmeiieis.
1215 3255 1282 3338 Qua
1298 3257 1335 3323 de
1350 3276 1444 3323 cause

319 3495 516 3579 bisyllebum,
539 3497 626 3562 velut
647 3516 674 3562 e.
697 3517 746 3580 g.:

485 3647 594 3732 Neque
616 3630 804 3717 libellus
826 3651 897 3736 spes
921 3653 963 3716 sii
984 3639 1120 3736 usqueinv
1137 3599 1283 3736 gentinus*
1326 3637 1338 3647 ’

486 3767 621 3856 Sum)
645 3773 746 3837 uxdris
770 3771 873 3838 dotem
897 3773 1070 3840 ambedisse
1093 3773 1214 3876 dppido.
1234 3768 1317 3862 {3371
1337 3810 1341 3819 ·
1359 3767 1388 3820 ’πὶ
1438 3795 1442 3802 ·

317 3921 497 3988 Sbebuemus
529 3923 627 4007 igitur·
649 3924 764 3990 Plauto
792 3925 930 4006 licuisse
956 3929 987 4008 i)
1020 3927 1164 4007 ubiuis
1187 3883 1300 4006 ,ferrus
1332 3927 1444 3995 mediis

317 4045 439 4128 [„-ed“)
471 4043 552 4108 inber
582 4045 721 4110 vetustus
752 4045 870 4130 („-ei“]
901 4048 933 4112 eb
963 4047 1145 4122 novissimus
1177 4049 1301 4150 (say)
1327 4048 1380 4113 ubi
1410 4047 1443 4112 in
1503 4039 1508 4046 ’

327 4238 584 4248 -μ---

419 4351 445 4420 1)
473 4343 682 4417 „Plautinisehe
700 4353 929 4424 somerengem
947 4369 973 4424 p.
992 4351 1137 4412 eus—332.
1334 4433 1338 4440 .

334 4439 555 4582 eomoggsaffiont
585 4453 608 4494 e.
636 4453 662 4508 g,
692 4439 778 4496 Peen.
808 4457 834 4496 v.
862 4441 897 4498 53
923 4443 953 4496 in
983 4441 1005 4496 B
1033 4444 1138 4510 legitur
1166 4441 1361 4508 „comoediue‘⁸
1389 4455 1453 4528 pre.
