3186 5282
658 519 700 584 43

222 723 323 790 Multo
346 724 451 806 plures
473 724 589 790 formas
611 725 638 790 B
660 725 804 804 servasii
828 743 900 790 uam
923 725 996 792 5551
1018 721 1091 802 724,
1115 740 1151 787 ex
1173 721 1242 804 qui·

113 845 177 912 555
208 844 287 912 duae
318 845 381 912 fero
412 847 516 928 partes
547 845 654 914 littera
684 845 823 912 tenuiore
854 863 1014 928 expressae
1036 844 1110 912 suni
1135 842 1242 928 (475),

114 967 170 1032 uix
192 985 253 1032 una
275 985 346 1050 pare
369 966 530 1050 pinguiore
553 965 658 1046 (249),
681 965 731 1034 vel
754 967 781 1030 si
803 965 987 1031 centesimas
1011 965 1175 1033 ducamus:

303 1156 346 1220 55
368 1155 440 1241 (a)
463 1178 471 1221 ι
494 1155 537 1221 54
560 1155 641 1240 (a.)
667 1157 728 1242 p:
754 1154 816 1220 roo
837 1157 849 1221 r
872 1179 879 1222 :
904 1155 945 1220 sa
968 1154 1002 1239 u)
1032 1155 1056 1240 p.

221 1397 324 1464 Multa
347 1415 419 1464 sano
442 1415 498 1462 nos
520 1397 578 1462 hae
601 1397 727 1463 tabulae
759 1397 886 1464 docent:
924 1398 1060 1482 primum
1092 1397 1242 1478 videmus,

112 1519 176 1600 qui·
195 1517 331 1583 codicem
354 1517 597 1584 Ambrosianum
621 1517 742 1583 saeculo
766 1517 794 1582 V
817 1518 958 1599 55515511,
990 1517 1089 1584 mulio
1121 1519 1244 1600 saepius

113 1637 338 1722 orthographia
354 1637 523 1720 anniquiore
547 1656 638 1702 usum
661 1656 738 1717 5555,
761 1657 854 1722 quam
876 1639 930 1722 qui
952 1637 1066 1704 oodioie
1089 1639 1116 1704 B
1138 1641 1245 1706 auctor
1284 1657 1287 1666 ·

112 1759 184 1836 551;
212 1757 244 1820 15
266 1757 322 1823 1115
344 1758 492 1840 paullo
515 1758 645 1824 rariores
667 1758 785 1824 formae
809 1759 881 1824 5551
902 1759 935 1824 15
958 1778 1065 1826 -umus
1088 1761 1244 1840 exeuntes,

112 1897 212 1960 quam
227 1877 259 1942 in
275 1878 373 1942 imus
390 1878 445 1965 (55
461 1900 468 1943 :
485 1878 550 1963 45),
570 1881 602 1944 15
618 1879 676 1946 hoo
699 1877 778 1961 dup
789 1879 828 1945 lo
851 1879 914 1946 fere
929 1880 1059 1946 rariores
1074 1878 1152 1966 (662
1169 1879 1243 1966 34);

118 2000 211 2080 atque
233 1999 266 2062 in
289 1999 481 2084 singulis
508 1999 633 2082 quidem
656 1999 853 2084 superlativis
876 2019 984 2068 -umus
1006 2001 1047 2066 in
1070 2000 1100 2064 A
1122 2001 1245 2084 saepius

113 2122 206 2199 55151
236 2138 329 2202 quam
361 2121 393 2184 in
419 2120 443 2184 Β
475 2121 609 2203 (praeter
642 2121 1026 2203 ,555515555“,-55515555,
1059 2119 1245 2208 [-illimus]).

111 2240 199 2304 'Tum
224 2259 293 2306 vero
317 2239 457 2322 apertum
480 2240 528 2305 esi
550 2240 712 2322 permultis
744 2240 775 2304 in
807 2240 900 2306 rebus
931 2239 986 2307 hos
1017 2240 1113 2306 libros
1146 2258 1247 2306 555-

117 2379 290 2446 gruere:
315 2360 413 2425 ethio
428 2359 540 2426 5111115
564 2361 810 2444 „optimus“
835 2379 948 2444 agmen
971 2361 1065 2441 duait,
1088 2361 1245 2440 „mini-

111 2485 235 2545 tmus“
260 2481 291 2544 51
314 2479 552 2559 „infimus“
578 2479 734 2560 51555551,
758 2479 790 2544 in
812 2479 842 2544 A
870 2480 952 2546 siout
974 2480 1007 2544 in
1031 2480 1057 2544 B
1081 2479 1245 2558 „maxi-

113 2607 235 2666 .mus“
261 2601 347 2666 55515
369 2600 437 2666 1555
459 2599 637 2680 ponendum
660 2601 735 2681 orat,
767 2601 969 2666 -issimus
992 2599 1133 2682 septimo,
1169 2617 1245 2682 quo-

111 2722 205 2786 niam
245 2738 344 2802 neque
391 2719 627 2798 „nliimw
674 2738 772 2803 nequo
819 2719 1056 2800 „intimue“
1101 2719 1134 2785 in
1178 2718 1245 2786 eod.

112 2840 268 2932 rescripto
301 2841 444 2906 oeourrit.
491 2839 525 2906 Si
555 2840 624 2923 quis
656 2840 768 2906 dixerit
799 2840 990 2924 quorundam
1023 2838 1246 2906 adiecrivorum

112 2961 279 3043 pauciores
302 2963 404 3027 extare
426 2962 553 3040 formas,
585 2981 679 3044 quam
709 2981 746 3027 55
772 2962 883 3045 quibus
906 2957 1026 3044 aliquid
1048 2961 1149 3044 poesis
1172 2979 1246 3028 eon·

113 3083 253 3163 eludere,
277 3101 332 3148 suo
354 3081 446 3147 illum
477 3083 544 3146 iure
576 3081 634 3146 hoe
666 3081 778 3148 dixisse
811 3101 881 3148 oum
913 3083 1087 3162 concedam,
1123 3085 1247 3152 omissis

112 3201 263 3266 omnibus
302 3201 474 3280 5515511515,
510 3219 641 3282 quorum
678 3202 859 3284 superlativi
895 3203 928 3266 in
959 3204 988 3267 A
1019 3203 1121 3268 minus
1152 3205 1246 3270 uicies

110 3321 235 3400 551551,
259 3320 280 3384 1.
298 3340 323 3385 5.
345 3320 552 3402 „plurimua“,
575 3321 730 3402 -orrimua
757 3323 961 3402 „pessimus“,
985 3321 1131 3403 illimus,
1154 3321 1246 3402 „infi-

115 3447 223 3520 mus“‚
248 3440 364 3508 eeteros
388 3441 432 3506 515
455 3459 654 3523 componam:

159 3647 186 3710 l.
211 3647 347 3728 optimus
390 3645 455 3712 cod.
479 3647 509 3711 A
531 3645 574 3709 26
598 3645 670 3730 (-1-)
693 3668 700 3711 :
725 3645 767 3710 ’74
790 3643 889 3731 (-5-);
922 3645 989 3711 oud.
1011 3645 1038 3709 B
1061 3645 1103 3709 42
1126 3667 1134 3710 t
1158 3644 1208 3708 58.

155 3765 186 3830 2.
210 3768 366 3856 proximus
448 3817 464 3846 ,
533 3766 576 3830 29
631 3817 648 3848 ,,
695 3766 767 3832 :71
820 3817 835 3846 „
882 3790 890 3844 3
977 3815 994 3846 ,,
1062 3765 1104 3830 57
1127 3786 1133 3829 :
1157 3765 1210 3832 43.

110 3890 112 3895 '
154 3885 185 3950 3.
209 3887 361 3952 maximus
449 3936 464 3964 „
532 3887 591 3966 56,
631 3937 646 3966 „
694 3888 768 3954 :44
818 3936 834 3970 ,,
880 3910 888 3964 ;
977 3933 992 3962 „
1061 3884 1209 3950 71:29.

225 4215 250 4279 1)
278 4215 308 4268 15
327 4213 463 4268 55511550
487 4215 519 4278 (s.
538 4212 589 4279 ΧΙ)
676 4212 734 4266 70:
753 4212 794 4265 30.

374 4341 385 4366 „
443 4301 520 4366 1)(5.
540 4299 602 4366 XII)
676 4297 794 4353 65:35.

287 4426 299 4449 „
372 4427 385 4450 ,‚
441 4385 613 4454 Ε(5.ΧΙΙΙ)
675 4383 794 4439 69:31.

287 4511 300 4533 ‚‚
374 4511 385 4534 „
443 4473 518 4540 V(s.
537 4471 589 4526 XII
606 4468 656 4536 15.)
677 4470 795 4524 77:23.
