3230 5282
876 474 919 540 96

795 565 1000 574 —————--

332 681 481 765 caesura).
525 681 572 746 De
596 681 709 770 Plauto
732 681 786 746 ille
806 679 882 746 haec
898 701 927 765 p.
944 681 1004 746 30:
1028 681 1136 760 „Iusta
1159 677 1455 764 appositionis

332 803 443 884 (scilic.
465 802 562 884 post
592 817 704 864 nomen
736 800 908 884 proprium)
940 801 1101 866 collocatio
1132 801 1256 882 neglegi
1286 800 1398 882 potest,
1429 799 1455 862 si

331 941 440 988 nomen
472 922 642 1006 proprium,
675 923 757 1004 quod
788 927 823 988 ed
855 922 1010 999 definitur,
1041 923 1071 986 in
1103 922 1163 986 fine
1186 921 1301 986 ordinis
1324 921 1454 996 metrici,

332 1045 384 1124 qni
416 1042 538 1125 saepius
568 1059 639 1106 cum
671 1041 843 1107 sententiae
880 1039 1029 1107 incisione
1066 1041 1217 1118 convenit
1256 1040 1400 1122 ponitur“
1418 1039 1427 1072 ¹
1432 1059 1453 1122 p.

331 1160 419 1240 Quod
443 1161 470 1225 si
493 1179 599 1224 verum
623 1161 679 1237 est,
716 1159 865 1224 hebemus
896 1159 1080 1242 exemplum,
1113 1177 1174 1241 qno
1196 1159 1270 1224 erdo
1293 1159 1454 1224 vorborum

331 1280 466 1344 insolens
498 1281 671 1357 excusatur,
702 1279 730 1344 si
761 1297 870 1343 nomen
903 1279 1062 1361 proprium
1093 1280 1209 1362 insigni
1239 1297 1345 1344 versus
1376 1278 1452 1354 loco,

331 1401 464 1464 maxime
495 1400 513 1466 i.
548 1401 578 1478 l,
611 1400 789 1466 collocatur.
842 1399 933 1464 Hanc
963 1399 1064 1483 legem
1095 1399 1133 1464 ad
1167 1399 1303 1482 reliquas
1335 1416 1453 1480 quoqne

332 1519 540 1601 appositiones
571 1519 725 1601 pertinere
747 1519 769 1583 l.
792 1523 813 1584 l.
836 1539 866 1602 p.
889 1518 933 1582 30
955 1539 1021 1602 sqq.
1055 1519 1204 1600 exemplis
1235 1519 1393 1601 probatur,
1425 1538 1453 1582 v.

331 1639 513 1719 pracsertim
536 1657 566 1720 p.
589 1637 642 1702 34.

433 1758 494 1824 Sed
515 1779 552 1824 ex
573 1761 659 1842 poesi
690 1759 827 1844 elegiaca
858 1759 943 1824 eliud
974 1759 1148 1842 exemplum
1180 1760 1288 1824 afferre
1318 1777 1453 1840 pessum,

330 1880 457 1944 memini
488 1879 571 1942 enim
602 1897 698 1944 unum
721 1899 737 1944 c
760 1880 918 1962 magistris
949 1881 1027 1944 meis
1059 1880 1091 1944 in
1114 1879 1227 1944 scholis
1250 1879 1363 1944 dixisse
1388 1879 1456 1956 „sat

330 2001 409 2077 est“‚
433 1999 514 2082 quod
536 1999 668 2064 Plautus
690 2000 710 2066 i.
726 2000 747 2064 l.
771 2000 905 2082 ponebat
928 2000 971 2084 (v.
994 2019 1088 2082 supra
1110 2000 1165 2064 Nr.
1188 2000 1252 2082 19),
1276 2000 1358 2081 apud
1379 2020 1453 2082 poe·

330 2121 378 2184 tes
416 2119 569 2202 elegiacos
606 2120 786 2200 saepissime
816 2121 848 2186 in
879 2118 941 2184 fine
972 2119 1069 2201 pertis
1101 2119 1212 2200 prioris
1244 2121 1294 2184 vel
1327 2121 1453 2186 alterius

329 2238 516 2320 pentametri
550 2239 703 2304 collocari.
760 2239 822 2317 Sed
858 2239 994 2304 reverter
1031 2240 1070 2304 ad
1103 2240 1282 2325 dactylicos.
1336 2241 1454 2306 Ennius

329 2360 431 2440 poesis
454 2359 626 2445 dactylicae
648 2361 763 2426 letinae
786 2361 928 2426 inventor
948 2379 1069 2443 semper
1090 2362 1152 2426 -ai
1182 2363 1227 2446 [in
1251 2362 1352 2444 prima
1375 2381 1453 2444 quae

329 2479 443 2544 dieitur
465 2477 685 2564 declinatione)
716 2482 747 2544 in
779 2481 841 2545 fine
871 2481 1042 2546 hexametri
1068 2482 1203 2564 ponebat
1218 2482 1254 2563 ²),
1286 2501 1346 2565 qua
1367 2483 1398 2547 in
1421 2503 1454 2546 ra

329 2597 491 2664 Lucretius
525 2619 596 2664 eum
619 2601 742 2664 secutus
765 2601 814 2664 est
829 2600 865 2684 ⁸).
911 2600 1035 2666 Gentem
1067 2619 1187 2684 quoque
1219 2601 1325 2666 sedem
1357 2601 1454 2666 forma

329 2719 468 2785 archaiea
500 2719 639 2798 „olli“
674 2720 808 2785 habebat
840 2720 871 2785 et
903 2720 985 2804 apud
1016 2722 1151 2786 Ennium
1185 2724 1217 2788 et
1238 2721 1320 2804 apud
1343 2723 1454 2805 Vergi-

328 2839 406 2902 lium
419 2841 456 2921 ⁸),
481 2858 539 2905 non
563 2839 656 2904 finem
679 2839 736 2904 illa
757 2840 892 2922 quidem,
918 2841 972 2905 sed
994 2841 1117 2906 initium
1133 2861 1250 2906 versus.
1295 2841 1451 2921 Quasdam

329 2961 471 3024 certas
503 2959 710 3024 formulas
741 2977 952 3041 vocesque
983 2960 1013 3024 in
1046 2961 1186 3026 clausule
1217 2961 1386 3027 hexametri
1414 2962 1452 3026 ab

328 3079 470 3144 omnibus
501 3080 600 3162 poetis
631 3079 702 3145 inde
734 3081 773 3144 ab
805 3080 904 3145 Ennio
935 3100 1031 3164 usqne
1063 3083 1101 3146 ad
1132 3083 1267 3147 Paolum
1293 3082 1448 3148 Nolanum

327 3200 441 3264 iterum
477 3199 569 3282 atque
605 3200 718 3265 iterum
757 3203 920 3283 usurpatas
957 3220 1023 3265 esse
1061 3202 1160 3266 fusius
1192 3203 1345 3268 Antonius
1378 3203 1450 3266 Zin-

328 3319 412 3400 gerle
429 3318 456 3402 ⁵)
480 3317 595 3384 docuit.
719 3393 722 3402 ¹

321 3457 327 3466 ·
429 3440 569 3522 Denique
606 3441 743 3517 afferam,
780 3459 859 3522 quae
895 3441 927 3506 in
972 3441 1145 3507 litteris
1187 3441 1450 3525 germanicis

430 3751 456 3809 ll
484 3750 576 3804 Etiam
595 3750 669 3817 apud
687 3751 850 3804 Terentium
876 3751 953 3804 illam
974 3751 1096 3817 ,legem“
1124 3751 1220 3804 valero
1248 3766 1273 3817 p.
1297 3751 1331 3804 30
1353 3749 1415 3803 adn.
1436 3749 1451 3802 1

327 3837 403 3898 dicit,
430 3851 496 3890 nam
522 3835 585 3890 illes
613 3839 699 3900 lecca,
726 3837 775 3890 ubi
793 3837 919 3904 vulgaris
937 3837 1124 3905 appositionis
1143 3837 1212 3891 ordo
1231 3838 1378 3904 neglectus
1397 3836 1451 3899 est,

326 3936 384 3976 uno
403 3925 524 3989 excepto
544 3923 632 3989 „legi“
652 3922 694 3977 illi
712 3925 890 3992 respondere.

428 4026 456 4090 2)
484 4025 511 4078 L.
531 4023 654 4088 Mueller,
674 4025 705 4091 Q.
724 3991 1120 4092 anniusPotersouig-1eel.

429 4129 456 4194 3)
484 4127 654 4192 Steedlerus,
673 4130 690 4183 l.
709 4130 727 4183 l.
746 4143 771 4196 p.
792 4132 815 4184 6.

430 4232 456 4299 4)
483 4232 653 4296 Wetlxius,l
679 4233 696 4286 l.
715 4233 752 4297 (v.
772 4247 858 4301 supra
876 4248 900 4300 p.
920 4232 962 4296 83,
983 4233 1045 4287 edn.
1064 4231 1099 4294 2).
1125 4245 1127 4251 ·

427 4336 455 4400 5)
485 4337 539 4400 „Zu
567 4339 700 4404 spdteren
729 4337 915 4390 lateinisches
945 4337 1107 4399 Dicitanus,
1138 4337 1203 4390 Heft
1232 4337 1251 4390 l.
1283 4335 1454 4402 (Innsbruok

320 4421 405 4490 1873)
423 4437 448 4490 p.
466 4422 602 4486 44-103;
628 4423 692 4477 Heft
711 4421 734 4476 ll
752 4421 872 4490 (lnnsbr.
890 4423 966 4486 1879)
986 4437 1012 4490 p.
1030 4422 1064 4476 49
1083 4436 1143 4492 sqq.
