<?xml version="1.0" encoding="UTF-8"?>
<!DOCTYPE html PUBLIC "-//W3C//DTD XHTML 1.0 Transitional//EN"
    "http://www.w3.org/TR/xhtml1/DTD/xhtml1-transitional.dtd">
<html xmlns="http://www.w3.org/1999/xhtml" xml:lang="en" lang="en">
 <head>
  <title>
</title>
<meta http-equiv="Content-Type" content="text/html;charset=utf-8" />
  <meta name='ocr-system' content='tesseract 3.04.00' />
  <meta name='ocr-capabilities' content='ocr_page ocr_carea ocr_par ocr_line ocrx_word'/>
</head>
<body>
  <div class='ocr_page' id='page_1' title='image "./quaestionumgram01brocgoog_0013.png"; bbox 0 0 3186 5282; ppageno 0'>
   <div class='ocr_carea' id='block_1_1' title="bbox 584 1328 783 1446">
    <p class='ocr_par' dir='ltr' id='par_1_1' title="bbox 584 1328 783 1446">
     <span class='ocr_line' id='line_1_1' title="bbox 584 1328 783 1446; baseline 0.01 -26"><span class='ocrx_word' id='word_1_1' title='bbox 584 1328 731 1446; x_wconf 86' lang='lat' dir='ltr'><strong>Caput</strong></span> <span class='ocrx_word' id='word_1_2' title='bbox 757 1329 783 1422; x_wconf 89' lang='lat' dir='ltr'><strong>I.</strong></span> 
     </span>
    </p>
   </div>
   <div class='ocr_carea' id='block_1_2' title="bbox 268 1573 1095 1746">
    <p class='ocr_par' dir='ltr' id='par_1_2' title="bbox 268 1573 1095 1754">
     <span class='ocr_line' id='line_1_2' title="bbox 268 1573 1095 1746; baseline 0.006 -42"><span class='ocrx_word' id='word_1_3' title='bbox 268 1573 345 1705; x_wconf 84' lang='lat' dir='ltr'><strong>lie</strong></span> <span class='ocrx_word' id='word_1_4' title='bbox 392 1575 844 1746; x_wconf 77' lang='lat' dir='ltr'><strong>superlativorum</strong></span> <span class='ocrx_word' id='word_1_5' title='bbox 889 1577 1095 1710; x_wconf 88' lang='lat' dir='ltr'><strong>iormis.</strong></span> 
     </span>
    </p>
   </div>
   <div class='ocr_carea' id='block_1_3' title="bbox 97 2031 1244 3919">
    <p class='ocr_par' dir='ltr' id='par_1_3' title="bbox 97 2031 1244 3919">
     <span class='ocr_line' id='line_1_3' title="bbox 221 2031 1244 2119; baseline 0.002 -21"><span class='ocrx_word' id='word_1_6' title='bbox 221 2031 335 2098; x_wconf 86' lang='lat' dir='ltr'><strong>Omnes</strong></span> <span class='ocrx_word' id='word_1_7' title='bbox 367 2052 445 2116; x_wconf 88' lang='lat' dir='ltr'><strong>quae</strong></span> <span class='ocrx_word' id='word_1_8' title='bbox 477 2035 584 2100; x_wconf 79' lang='lat' dir='ltr'>extant</span> <span class='ocrx_word' id='word_1_9' title='bbox 615 2035 874 2119; x_wconf 75' lang='lat' dir='ltr'><strong>superlativorum</strong></span> <span class='ocrx_word' id='word_1_10' title='bbox 904 2035 1020 2119; x_wconf 85' lang='lat' dir='ltr'><strong>figurae</strong></span> <span class='ocrx_word' id='word_1_11' title='bbox 1053 2036 1137 2100; x_wconf 84' lang='lat' dir='ltr'><strong>hisee</strong></span> <span class='ocrx_word' id='word_1_12' title='bbox 1169 2037 1244 2101; x_wconf 88' lang='lat' dir='ltr'><strong>suut</strong></span> 
     </span>
     <span class='ocr_line' id='line_1_4' title="bbox 117 2152 1242 2239; baseline 0.004 -23"><span class='ocrx_word' id='word_1_13' title='bbox 117 2152 252 2218; x_wconf 87' lang='lat' dir='ltr'><strong>similes:</strong></span> <span class='ocrx_word' id='word_1_14' title='bbox 287 2171 458 2234; x_wconf 69' lang='lat' dir='ltr'><strong>„summus</strong></span> <span class='ocrx_word' id='word_1_15' title='bbox 490 2155 654 2238; x_wconf 83' lang='lat' dir='ltr'><strong>plurimus,</strong></span> <span class='ocrx_word' id='word_1_16' title='bbox 688 2155 835 2238; x_wconf 84' lang='lat' dir='ltr'><strong>optimus,</strong></span> <span class='ocrx_word' id='word_1_17' title='bbox 859 2156 1072 2234; x_wconf 81' lang='lat' dir='ltr'><strong>suauissimus,</strong></span> <span class='ocrx_word' id='word_1_18' title='bbox 1095 2155 1242 2239; x_wconf 85' lang='lat' dir='ltr'><strong>longissi-</strong></span> 
     </span>
     <span class='ocr_line' id='line_1_5' title="bbox 116 2273 1240 2358; baseline 0.005 -22"><span class='ocrx_word' id='word_1_19' title='bbox 116 2291 194 2352; x_wconf 77' lang='lat' dir='ltr'><strong>mur,</strong></span> <span class='ocrx_word' id='word_1_20' title='bbox 219 2273 400 2352; x_wconf 83' lang='lat' dir='ltr'><strong>facillimus,</strong></span> <span class='ocrx_word' id='word_1_21' title='bbox 423 2275 660 2358; x_wconf 83' lang='lat' dir='ltr'><strong>pulcherrimus,</strong></span> <span class='ocrx_word' id='word_1_22' title='bbox 678 2277 856 2353; x_wconf 85' lang='lat' dir='ltr'><strong>acerrimus,</strong></span> <span class='ocrx_word' id='word_1_23' title='bbox 873 2277 1035 2355; x_wconf 82' lang='lat' dir='ltr'><strong>maximus,</strong></span> <span class='ocrx_word' id='word_1_24' title='bbox 1052 2276 1240 2358; x_wconf 83' lang='lat' dir='ltr'><strong>proximus“,</strong></span> 
     </span>
     <span class='ocr_line' id='line_1_6' title="bbox 117 2393 1242 2480; baseline 0.004 -24"><span class='ocrx_word' id='word_1_25' title='bbox 117 2393 197 2456; x_wconf 86' lang='lat' dir='ltr'><strong>unde</strong></span> <span class='ocrx_word' id='word_1_26' title='bbox 235 2394 373 2477; x_wconf 83' lang='lat' dir='ltr'><strong>sequitur</strong></span> <span class='ocrx_word' id='word_1_27' title='bbox 404 2396 550 2477; x_wconf 86' lang='lat' dir='ltr'><strong>quattuor</strong></span> <span class='ocrx_word' id='word_1_28' title='bbox 581 2414 648 2460; x_wconf 88' lang='lat' dir='ltr'><strong>esse</strong></span> <span class='ocrx_word' id='word_1_29' title='bbox 679 2397 911 2462; x_wconf 75' lang='lat' dir='ltr'><strong>terminationes</strong></span> <span class='ocrx_word' id='word_1_30' title='bbox 943 2397 994 2461; x_wconf 90' lang='lat' dir='ltr'><strong>uel</strong></span> <span class='ocrx_word' id='word_1_31' title='bbox 1025 2397 1135 2462; x_wconf 86' lang='lat' dir='ltr'><strong>suffixa</strong></span> <span class='ocrx_word' id='word_1_32' title='bbox 1165 2415 1242 2480; x_wconf 86' lang='lat' dir='ltr'><strong>quae</strong></span> 
     </span>
     <span class='ocr_line' id='line_1_7' title="bbox 117 2513 1243 2600; baseline 0.004 -24"><span class='ocrx_word' id='word_1_33' title='bbox 117 2513 281 2578; x_wconf 86' lang='lat' dir='ltr'><strong>dicuntur:</strong></span> <span class='ocrx_word' id='word_1_34' title='bbox 318 2534 394 2592; x_wconf 88' lang='lat' dir='ltr'><strong>-mo,</strong></span> <span class='ocrx_word' id='word_1_35' title='bbox 418 2517 507 2593; x_wconf 73' lang='lat' dir='ltr'><strong>imo,</strong></span> <span class='ocrx_word' id='word_1_36' title='bbox 530 2517 634 2593; x_wconf 86' lang='lat' dir='ltr'><strong>-timo,</strong></span> <span class='ocrx_word' id='word_1_37' title='bbox 658 2519 762 2581; x_wconf 82' lang='lat' dir='ltr'><strong>-sime</strong></span> <span class='ocrx_word' id='word_1_38' title='bbox 808 2515 925 2582; x_wconf 83' lang='lat' dir='ltr'><strong>Suifira</strong></span> <span class='ocrx_word' id='word_1_39' title='bbox 955 2517 1038 2582; x_wconf 90' lang='lat' dir='ltr'><strong>euim</strong></span> <span class='ocrx_word' id='word_1_40' title='bbox 1070 2517 1243 2600; x_wconf 86' lang='lat' dir='ltr'><strong>quaesunt</strong></span> 
     </span>
     <span class='ocr_line' id='line_1_8' title="bbox 116 2635 1242 2720; baseline 0.003 -22"><span class='ocrx_word' id='word_1_41' title='bbox 116 2635 211 2698; x_wconf 90' lang='lat' dir='ltr'><strong>-rimo</strong></span> <span class='ocrx_word' id='word_1_42' title='bbox 243 2635 275 2698; x_wconf 88' lang='lat' dir='ltr'><strong>et</strong></span> <span class='ocrx_word' id='word_1_43' title='bbox 305 2635 398 2700; x_wconf 91' lang='lat' dir='ltr'><strong>-limo</strong></span> <span class='ocrx_word' id='word_1_44' title='bbox 429 2636 468 2700; x_wconf 85' lang='lat' dir='ltr'><strong>ad</strong></span> <span class='ocrx_word' id='word_1_45' title='bbox 500 2635 644 2700; x_wconf 83' lang='lat' dir='ltr'><strong>suffixum</strong></span> <span class='ocrx_word' id='word_1_46' title='bbox 674 2637 767 2701; x_wconf 85' lang='lat' dir='ltr'><strong>-simo</strong></span> <span class='ocrx_word' id='word_1_47' title='bbox 803 2636 908 2702; x_wconf 80' lang='lat' dir='ltr'><strong>reduci</strong></span> <span class='ocrx_word' id='word_1_48' title='bbox 944 2639 1075 2719; x_wconf 84' lang='lat' dir='ltr'><strong>pessunt</strong></span> <span class='ocrx_word' id='word_1_49' title='bbox 1092 2637 1127 2720; x_wconf 83' lang='lat'><strong>¹),</strong></span> <span class='ocrx_word' id='word_1_50' title='bbox 1164 2637 1242 2701; x_wconf 85' lang='lat' dir='ltr'><strong>item</strong></span> 
     </span>
     <span class='ocr_line' id='line_1_9' title="bbox 118 2755 1239 2840; baseline 0 -20"><span class='ocrx_word' id='word_1_51' title='bbox 118 2757 321 2835; x_wconf 84' lang='lat' dir='ltr'><strong>„maximus“‚</strong></span> <span class='ocrx_word' id='word_1_52' title='bbox 345 2756 554 2840; x_wconf 85' lang='lat' dir='ltr'><strong>„proximus“‚</strong></span> <span class='ocrx_word' id='word_1_53' title='bbox 590 2757 677 2833; x_wconf 88' lang='lat' dir='ltr'><strong>sinu.;</strong></span> <span class='ocrx_word' id='word_1_54' title='bbox 716 2757 748 2820; x_wconf 91' lang='lat' dir='ltr'><strong>iu</strong></span> <span class='ocrx_word' id='word_1_55' title='bbox 771 2757 895 2822; x_wconf 86' lang='lat' dir='ltr'><strong>-issimo</strong></span> <span class='ocrx_word' id='word_1_56' title='bbox 918 2757 1021 2822; x_wconf 88' lang='lat' dir='ltr'><strong>autem</strong></span> <span class='ocrx_word' id='word_1_57' title='bbox 1044 2755 1146 2820; x_wconf 84' lang='lat' dir='ltr'><strong>suffiri</strong></span> <span class='ocrx_word' id='word_1_58' title='bbox 1168 2757 1239 2838; x_wconf 64' lang='lat' dir='ltr'><strong>-iosg</strong></span> 
     </span>
     <span class='ocr_line' id='line_1_10' title="bbox 116 2875 1240 2967; baseline 0.001 -27"><span class='ocrx_word' id='word_1_59' title='bbox 116 2895 175 2958; x_wconf 90' lang='lat' dir='ltr'><strong>quo</strong></span> <span class='ocrx_word' id='word_1_60' title='bbox 205 2876 321 2967; x_wconf 84' lang='lat' dir='ltr'><strong>gradus</strong></span> <span class='ocrx_word' id='word_1_61' title='bbox 352 2876 580 2958; x_wconf 81' lang='lat' dir='ltr'><strong>comparativus</strong></span> <span class='ocrx_word' id='word_1_62' title='bbox 611 2875 749 2960; x_wconf 83' lang='lat' dir='ltr'><strong>fingitur,</strong></span> <span class='ocrx_word' id='word_1_63' title='bbox 784 2876 883 2942; x_wconf 84' lang='lat' dir='ltr'><strong>forma</strong></span> <span class='ocrx_word' id='word_1_64' title='bbox 917 2877 1038 2942; x_wconf 88' lang='lat' dir='ltr'><strong>brevior</strong></span> <span class='ocrx_word' id='word_1_65' title='bbox 1068 2878 1112 2942; x_wconf 90' lang='lat' dir='ltr'><strong>·is</strong></span> <span class='ocrx_word' id='word_1_66' title='bbox 1142 2877 1240 2943; x_wconf 88' lang='lat' dir='ltr'><strong>latere</strong></span> 
     </span>
     <span class='ocr_line' id='line_1_11' title="bbox 114 2993 1241 3079; baseline 0.001 -20"><span class='ocrx_word' id='word_1_67' title='bbox 114 2993 245 3074; x_wconf 84' lang='lat' dir='ltr'><strong>uidetur,</strong></span> <span class='ocrx_word' id='word_1_68' title='bbox 280 2997 330 3060; x_wconf 90' lang='lat' dir='ltr'><strong>cui</strong></span> <span class='ocrx_word' id='word_1_69' title='bbox 360 2996 456 3060; x_wconf 65' lang='lat' dir='ltr'><strong>simo</strong></span> <span class='ocrx_word' id='word_1_70' title='bbox 479 2995 634 3070; x_wconf 86' lang='lat' dir='ltr'><strong>adiectum</strong></span> <span class='ocrx_word' id='word_1_71' title='bbox 656 2997 704 3060; x_wconf 88' lang='lat' dir='ltr'><strong>est</strong></span> <span class='ocrx_word' id='word_1_72' title='bbox 720 2994 756 3079; x_wconf 83' lang='lat'><strong>²).</strong></span> <span class='ocrx_word' id='word_1_73' title='bbox 801 2995 835 3060; x_wconf 86' lang='lat' dir='ltr'><strong>Si</strong></span> <span class='ocrx_word' id='word_1_74' title='bbox 857 2996 1061 3062; x_wconf 88' lang='lat' dir='ltr'><strong>concedamus</strong></span> <span class='ocrx_word' id='word_1_75' title='bbox 1082 2996 1158 3061; x_wconf 83' lang='lat' dir='ltr'><strong>uiris</strong></span> <span class='ocrx_word' id='word_1_76' title='bbox 1178 2995 1241 3060; x_wconf 90' lang='lat' dir='ltr'><strong>lin-</strong></span> 
     </span>
     <span class='ocr_line' id='line_1_12' title="bbox 114 3115 1241 3199; baseline 0.002 -20"><span class='ocrx_word' id='word_1_77' title='bbox 114 3134 245 3199; x_wconf 83' lang='lat' dir='ltr'><strong>guarum</strong></span> <span class='ocrx_word' id='word_1_78' title='bbox 282 3115 390 3198; x_wconf 83' lang='lat' dir='ltr'><strong>peritis</strong></span> <span class='ocrx_word' id='word_1_79' title='bbox 423 3117 518 3180; x_wconf 90' lang='lat' dir='ltr'><strong>-simo</strong></span> <span class='ocrx_word' id='word_1_80' title='bbox 552 3135 588 3180; x_wconf 87' lang='lat' dir='ltr'><strong>er</strong></span> <span class='ocrx_word' id='word_1_81' title='bbox 619 3116 713 3181; x_wconf 90' lang='lat' dir='ltr'><strong>·tirno</strong></span> <span class='ocrx_word' id='word_1_82' title='bbox 744 3115 908 3182; x_wconf 90' lang='lat' dir='ltr'><strong>oriundum</strong></span> <span class='ocrx_word' id='word_1_83' title='bbox 940 3136 1006 3182; x_wconf 84' lang='lat' dir='ltr'><strong>esse</strong></span> <span class='ocrx_word' id='word_1_84' title='bbox 1025 3115 1062 3199; x_wconf 82' lang='lat'><strong>³),</strong></span> <span class='ocrx_word' id='word_1_85' title='bbox 1096 3119 1160 3182; x_wconf 88' lang='lat' dir='ltr'><strong>tres</strong></span> <span class='ocrx_word' id='word_1_86' title='bbox 1192 3118 1241 3184; x_wconf 89' lang='lat' dir='ltr'><strong>uel</strong></span> 
     </span>
     <span class='ocr_line' id='line_1_13' title="bbox 114 3235 1238 3320; baseline 0 -18"><span class='ocrx_word' id='word_1_87' title='bbox 114 3238 278 3302; x_wconf 88' lang='lat' dir='ltr'><strong>minimum</strong></span> <span class='ocrx_word' id='word_1_88' title='bbox 312 3235 371 3301; x_wconf 93' lang='lat' dir='ltr'><strong>duo</strong></span> <span class='ocrx_word' id='word_1_89' title='bbox 402 3235 511 3300; x_wconf 84' lang='lat' dir='ltr'><strong>suffixa</strong></span> <span class='ocrx_word' id='word_1_90' title='bbox 542 3237 678 3302; x_wconf 85' lang='lat' dir='ltr'><strong>restent:</strong></span> <span class='ocrx_word' id='word_1_91' title='bbox 719 3237 824 3320; x_wconf 89' lang='lat' dir='ltr'><strong>·(i)m0</strong></span> <span class='ocrx_word' id='word_1_92' title='bbox 848 3238 880 3302; x_wconf 82' lang='lat' dir='ltr'><strong>et</strong></span> <span class='ocrx_word' id='word_1_93' title='bbox 902 3237 1005 3302; x_wconf 71' lang='lat' dir='ltr'><strong>timo,</strong></span> <span class='ocrx_word' id='word_1_94' title='bbox 1050 3235 1135 3316; x_wconf 78' lang='lat' dir='ltr'><strong>Quae</strong></span> <span class='ocrx_word' id='word_1_95' title='bbox 1157 3237 1238 3302; x_wconf 87' lang='lat' dir='ltr'><strong>unde</strong></span> 
     </span>
     <span class='ocr_line' id='line_1_14' title="bbox 115 3357 1240 3438; baseline -0.003 -15"><span class='ocrx_word' id='word_1_96' title='bbox 115 3358 177 3423; x_wconf 86' lang='lat' dir='ltr'><strong>sint</strong></span> <span class='ocrx_word' id='word_1_97' title='bbox 200 3359 266 3422; x_wconf 84' lang='lat' dir='ltr'><strong>orta</strong></span> <span class='ocrx_word' id='word_1_98' title='bbox 288 3357 324 3420; x_wconf 87' lang='lat' dir='ltr'><strong>ut</strong></span> <span class='ocrx_word' id='word_1_99' title='bbox 346 3357 520 3438; x_wconf 80' lang='lat' dir='ltr'><strong>exploretur</strong></span> <span class='ocrx_word' id='word_1_100' title='bbox 542 3375 611 3420; x_wconf 90' lang='lat' dir='ltr'><strong>eum</strong></span> <span class='ocrx_word' id='word_1_101' title='bbox 635 3357 758 3421; x_wconf 85' lang='lat' dir='ltr'><strong>nostrae</strong></span> <span class='ocrx_word' id='word_1_102' title='bbox 789 3357 886 3421; x_wconf 85' lang='lat' dir='ltr'><strong>aetati</strong></span> <span class='ocrx_word' id='word_1_103' title='bbox 917 3375 1043 3438; x_wconf 86' lang='lat' dir='ltr'><strong>prorsus</strong></span> <span class='ocrx_word' id='word_1_104' title='bbox 1074 3376 1135 3422; x_wconf 90' lang='lat' dir='ltr'><strong>uon</strong></span> <span class='ocrx_word' id='word_1_105' title='bbox 1167 3375 1240 3422; x_wconf 88' lang='lat' dir='ltr'><strong>cou-</strong></span> 
     </span>
     <span class='ocr_line' id='line_1_15' title="bbox 113 3450 1241 3561; baseline 0 -19"><span class='ocrx_word' id='word_1_106' title='bbox 113 3477 229 3561; x_wconf 71' lang='lat' dir='ltr'><strong>tigerit</strong></span> <span class='ocrx_word' id='word_1_107' title='bbox 252 3477 321 3542; x_wconf 87' lang='lat' dir='ltr'><strong>tum</strong></span> <span class='ocrx_word' id='word_1_108' title='bbox 343 3479 407 3542; x_wconf 90' lang='lat' dir='ltr'><strong>veri</strong></span> <span class='ocrx_word' id='word_1_109' title='bbox 430 3477 591 3542; x_wconf 88' lang='lat' dir='ltr'><strong>simillima</strong></span> <span class='ocrx_word' id='word_1_110' title='bbox 606 3477 799 3558; x_wconf 85' lang='lat' dir='ltr'><strong>Brugmanui</strong></span> <span class='ocrx_word' id='word_1_111' title='bbox 814 3495 881 3542; x_wconf 86' lang='lat' dir='ltr'><strong>esse</strong></span> <span class='ocrx_word' id='word_1_112' title='bbox 898 3476 1052 3542; x_wconf 86' lang='lat' dir='ltr'><strong>sententia</strong></span> <span class='ocrx_word' id='word_1_113' title='bbox 1074 3450 1151 3542; x_wconf 87' lang='lat' dir='ltr'><strong>mihi</strong></span> <span class='ocrx_word' id='word_1_114' title='bbox 1174 3477 1241 3542; x_wconf 88' lang='lat' dir='ltr'><strong>uisa</strong></span> 
     </span>
     <span class='ocr_line' id='line_1_16' title="bbox 97 3597 1240 3682; baseline -0.002 -18"><span class='ocrx_word' id='word_1_115' title='bbox 97 3601 178 3680; x_wconf 70' lang='lat' dir='ltr'><strong>¹est;</strong></span> <span class='ocrx_word' id='word_1_116' title='bbox 217 3601 270 3682; x_wconf 92' lang='lat' dir='ltr'><strong>qui</strong></span> <span class='ocrx_word' id='word_1_117' title='bbox 301 3599 348 3664; x_wconf 89' lang='lat' dir='ltr'><strong>uir</strong></span> <span class='ocrx_word' id='word_1_118' title='bbox 379 3599 576 3666; x_wconf 86' lang='lat' dir='ltr'><strong>doctissimus</strong></span> <span class='ocrx_word' id='word_1_119' title='bbox 607 3599 638 3662; x_wconf 92' lang='lat' dir='ltr'><strong>in</strong></span> <span class='ocrx_word' id='word_1_120' title='bbox 670 3597 750 3663; x_wconf 88' lang='lat' dir='ltr'><strong>libro</strong></span> <span class='ocrx_word' id='word_1_121' title='bbox 773 3598 935 3662; x_wconf 87' lang='lat' dir='ltr'><strong>notissimo</strong></span> <span class='ocrx_word' id='word_1_122' title='bbox 973 3597 1162 3676; x_wconf 84' lang='lat' dir='ltr'><strong>„Grundriss</strong></span> <span class='ocrx_word' id='word_1_123' title='bbox 1185 3599 1240 3662; x_wconf 88' lang='lat' dir='ltr'><strong>der</strong></span> 
     </span>
     <span class='ocr_line' id='line_1_17' title="bbox 113 3715 1239 3800; baseline -0.001 -18"><span class='ocrx_word' id='word_1_124' title='bbox 113 3718 367 3800; x_wconf 86' lang='lat' dir='ltr'><strong>uergleicheudeu</strong></span> <span class='ocrx_word' id='word_1_125' title='bbox 390 3715 605 3783; x_wconf 78' lang='lat' dir='ltr'><strong>Grammatiir“</strong></span> <span class='ocrx_word' id='word_1_126' title='bbox 641 3716 671 3780; x_wconf 93' lang='lat' dir='ltr'><strong>ll</strong></span> <span class='ocrx_word' id='word_1_127' title='bbox 703 3737 733 3800; x_wconf 89' lang='lat' dir='ltr'><strong>p.</strong></span> <span class='ocrx_word' id='word_1_128' title='bbox 759 3715 820 3780; x_wconf 83' lang='lat'><strong>156</strong></span> <span class='ocrx_word' id='word_1_129' title='bbox 843 3736 888 3800; x_wconf 86' lang='lat' dir='ltr'><strong>sq.</strong></span> <span class='ocrx_word' id='word_1_130' title='bbox 927 3715 1084 3780; x_wconf 82' lang='lat' dir='ltr'><strong>contendit</strong></span> <span class='ocrx_word' id='word_1_131' title='bbox 1119 3717 1239 3782; x_wconf 87' lang='lat' dir='ltr'><strong>duobus</strong></span> 
     </span>
     <span class='ocr_line' id='line_1_18' title="bbox 113 3835 1239 3919; baseline 0 -19"><span class='ocrx_word' id='word_1_132' title='bbox 113 3855 185 3902; x_wconf 87' lang='lat' dir='ltr'><strong>usos</strong></span> <span class='ocrx_word' id='word_1_133' title='bbox 208 3855 274 3902; x_wconf 87' lang='lat' dir='ltr'><strong>esse</strong></span> <span class='ocrx_word' id='word_1_134' title='bbox 298 3837 415 3902; x_wconf 78' lang='lat' dir='ltr'><strong>suffixis</strong></span> <span class='ocrx_word' id='word_1_135' title='bbox 438 3837 576 3902; x_wconf 87' lang='lat' dir='ltr'><strong>homines</strong></span> <span class='ocrx_word' id='word_1_136' title='bbox 600 3837 654 3918; x_wconf 87' lang='lat' dir='ltr'><strong>qui</strong></span> <span class='ocrx_word' id='word_1_137' title='bbox 676 3836 821 3901; x_wconf 82' lang='lat' dir='ltr'><strong>dicuutur</strong></span> <span class='ocrx_word' id='word_1_138' title='bbox 841 3835 1081 3918; x_wconf 83' lang='lat' dir='ltr'><strong>Indugermauos</strong></span> <span class='ocrx_word' id='word_1_139' title='bbox 1105 3835 1144 3900; x_wconf 87' lang='lat' dir='ltr'><strong>ad</strong></span> <span class='ocrx_word' id='word_1_140' title='bbox 1167 3855 1239 3919; x_wconf 86' lang='lat' dir='ltr'><strong>gra-</strong></span> 
     </span>
    </p>
   </div>
   <div class='ocr_carea' id='block_1_4' title="bbox 114 4147 1237 4562">
    <p class='ocr_par' dir='ltr' id='par_1_4' title="bbox 114 4147 1235 4302">
     <span class='ocr_line' id='line_1_19' title="bbox 217 4147 1235 4214; baseline -0.002 -10"><span class='ocrx_word' id='word_1_141' title='bbox 217 4151 242 4209; x_wconf 86' lang='lat' dir='ltr'><strong>lt</strong></span> <span class='ocrx_word' id='word_1_142' title='bbox 270 4148 309 4202; x_wconf 81' lang='lat' dir='ltr'><strong>Of.</strong></span> <span class='ocrx_word' id='word_1_143' title='bbox 328 4150 441 4203; x_wconf 83' lang='lat' dir='ltr'><strong>her-seo</strong></span> <span class='ocrx_word' id='word_1_144' title='bbox 461 4171 492 4194; x_wconf 91' lang='lat'>=</span> <span class='ocrx_word' id='word_1_145' title='bbox 511 4151 623 4212; x_wconf 88' lang='lat' dir='ltr'><strong>horreo,</strong></span> <span class='ocrx_word' id='word_1_146' title='bbox 643 4150 732 4202; x_wconf 89' lang='lat' dir='ltr'><strong>vei-se</strong></span> <span class='ocrx_word' id='word_1_147' title='bbox 747 4171 779 4194; x_wconf 91' lang='lat'>=</span> <span class='ocrx_word' id='word_1_148' title='bbox 799 4149 873 4202; x_wconf 86' lang='lat' dir='ltr'><strong>velle</strong></span> <span class='ocrx_word' id='word_1_149' title='bbox 892 4147 1074 4214; x_wconf 82' lang='lat' dir='ltr'><strong>(Bregmaun,</strong></span> <span class='ocrx_word' id='word_1_150' title='bbox 1096 4148 1235 4202; x_wconf 82' lang='lat' dir='ltr'><strong>Grundris</strong></span> 
     </span>
     <span class='ocr_line' id='line_1_20' title="bbox 114 4235 835 4302; baseline -0.003 -14"><span class='ocrx_word' id='word_1_151' title='bbox 114 4235 163 4289; x_wconf 87' lang='lat' dir='ltr'><strong>der</strong></span> <span class='ocrx_word' id='word_1_152' title='bbox 181 4237 417 4302; x_wconf 86' lang='lat' dir='ltr'><strong>uergleiehenden</strong></span> <span class='ocrx_word' id='word_1_153' title='bbox 435 4237 613 4290; x_wconf 81' lang='lat' dir='ltr'><strong>Grammatik</strong></span> <span class='ocrx_word' id='word_1_154' title='bbox 632 4235 641 4286; x_wconf 93' lang='lat'><em>1</em></span> <span class='ocrx_word' id='word_1_155' title='bbox 661 4249 687 4300; x_wconf 85' lang='lat' dir='ltr'><strong>p.</strong></span> <span class='ocrx_word' id='word_1_156' title='bbox 705 4235 758 4288; x_wconf 79' lang='lat'><strong>430</strong></span> <span class='ocrx_word' id='word_1_157' title='bbox 775 4236 835 4301; x_wconf 69' lang='lat' dir='ltr'><strong>sn).</strong></span> 
     </span>
    </p>

    <p class='ocr_par' dir='ltr' id='par_1_5' title="bbox 114 4319 1237 4475">
     <span class='ocr_line' id='line_1_21' title="bbox 214 4319 1237 4387; baseline -0.004 -11"><span class='ocrx_word' id='word_1_158' title='bbox 214 4322 244 4387; x_wconf 76' lang='lat'><strong>2)</strong></span> <span class='ocrx_word' id='word_1_159' title='bbox 272 4323 405 4378; x_wconf 84' lang='lat' dir='ltr'><strong>Fortasse</strong></span> <span class='ocrx_word' id='word_1_160' title='bbox 432 4323 501 4376; x_wconf 89' lang='lat' dir='ltr'><strong>illud</strong></span> <span class='ocrx_word' id='word_1_161' title='bbox 528 4323 563 4376; x_wconf 90' lang='lat' dir='ltr'><strong>·is</strong></span> <span class='ocrx_word' id='word_1_162' title='bbox 591 4335 629 4375; x_wconf 88' lang='lat' dir='ltr'><strong>ex</strong></span> <span class='ocrx_word' id='word_1_163' title='bbox 655 4322 709 4375; x_wconf 85' lang='lat' dir='ltr'><strong>-ios</strong></span> <span class='ocrx_word' id='word_1_164' title='bbox 737 4324 830 4376; x_wconf 83' lang='lat' dir='ltr'><strong>ortum</strong></span> <span class='ocrx_word' id='word_1_165' title='bbox 857 4321 887 4373; x_wconf 91' lang='lat' dir='ltr'><strong>in</strong></span> <span class='ocrx_word' id='word_1_166' title='bbox 915 4319 1098 4378; x_wconf 83' lang='lat' dir='ltr'><strong>„facillimus“</strong></span> <span class='ocrx_word' id='word_1_167' title='bbox 1117 4333 1237 4387; x_wconf 87' lang='lat' dir='ltr'><strong>qnoque,</strong></span> 
     </span>
     <span class='ocr_line' id='line_1_22' title="bbox 114 4408 534 4475; baseline 0 -13"><span class='ocrx_word' id='word_1_168' title='bbox 114 4408 352 4475; x_wconf 57' lang='lat' dir='ltr'><strong>„praemonuimus</strong></span> <span class='ocrx_word' id='word_1_169' title='bbox 373 4411 434 4464; x_wconf 85' lang='lat' dir='ltr'><strong>sim.</strong></span> <span class='ocrx_word' id='word_1_170' title='bbox 452 4411 534 4463; x_wconf 84' lang='lat' dir='ltr'><strong>inest.</strong></span> 
     </span>
    </p>

    <p class='ocr_par' dir='ltr' id='par_1_6' title="bbox 216 4492 1057 4562">
     <span class='ocr_line' id='line_1_23' title="bbox 216 4492 1057 4562; baseline -0.002 -17"><span class='ocrx_word' id='word_1_171' title='bbox 216 4493 243 4558; x_wconf 77' lang='lat'><strong>3)</strong></span> <span class='ocrx_word' id='word_1_172' title='bbox 271 4493 447 4561; x_wconf 79' lang='lat' dir='ltr'><strong>Quamquam</strong></span> <span class='ocrx_word' id='word_1_173' title='bbox 465 4510 501 4548; x_wconf 91' lang='lat' dir='ltr'><strong>ne</strong></span> <span class='ocrx_word' id='word_1_174' title='bbox 518 4495 574 4550; x_wconf 88' lang='lat' dir='ltr'><strong>hoc</strong></span> <span class='ocrx_word' id='word_1_175' title='bbox 592 4495 704 4562; x_wconf 88' lang='lat' dir='ltr'><strong>quidem</strong></span> <span class='ocrx_word' id='word_1_176' title='bbox 722 4507 773 4559; x_wconf 85' lang='lat' dir='ltr'><strong>pro</strong></span> <span class='ocrx_word' id='word_1_177' title='bbox 793 4494 871 4546; x_wconf 87' lang='lat' dir='ltr'><strong>certo</strong></span> <span class='ocrx_word' id='word_1_178' title='bbox 890 4492 1057 4546; x_wconf 86' lang='lat' dir='ltr'><strong>habendum.</strong></span> 
     </span>
    </p>
   </div>
   <div class='ocr_carea' id='block_1_5' title="bbox 1052 4597 1065 4646">
    <p class='ocr_par' dir='ltr' id='par_1_7' title="bbox 1052 4597 1065 4646">
     <span class='ocr_line' id='line_1_24' title="bbox 1052 4597 1065 4646; baseline 0 0"><span class='ocrx_word' id='word_1_179' title='bbox 1052 4597 1065 4646; x_wconf 92' lang='lat' dir='ltr'>l</span> 
     </span>
    </p>
   </div>
   <div class='ocr_carea' id='block_1_6' title="bbox 0 0 1598 5282">
    <p class='ocr_par' dir='ltr' id='par_1_8' title="bbox 0 0 1598 5282">
     <span class='ocr_line' id='line_1_25' title="bbox 0 0 1598 5282; baseline 0 3"><span class='ocrx_word' id='word_1_180' title='bbox 0 0 1598 5282; x_wconf 95' lang='lat' dir='ltr'><strong> </strong></span> 
     </span>
    </p>
   </div>
  </div>
 </body>
</html>
