3252 5274
850 501 911 566 152

779 590 983 600 ---·——·-—

811 709 813 716 '
932 724 1011 790 quae
1035 705 1117 772 intrt
1140 705 1246 772 decem

513 833 620 897 Annos
642 829 747 913 togam
771 845 864 894 unam
886 825 1083 910 nequisti
1106 825 1247 891 deterere

319 972 351 1038 si
382 989 475 1056 quem
507 967 653 1049 „decem‘
686 967 718 1032 in
749 965 946 1031 line-vorsus
971 965 1108 1048 positum
1131 965 1162 1030 et
1184 965 1223 1030 ab
1245 963 1439 1030 substantivo

317 1091 492 1158 seiunctum
529 1087 674 1167 offendat,
709 1085 816 1152 videat
852 1085 993 1168 exempla
1028 1085 1067 1150 ab
1099 1084 1277 1169 Apputnio,
1314 1081 1440 1163 Quaest.

318 1209 434 1289 Pleut.‚
456 1193 549 1292 1158
571 1225 637 1291 sqq.
660 1205 799 1289 prolata;
823 1205 909 1272 uerbi
932 1222 1024 1270 causa
1046 1224 1075 1270 r.
1098 1203 1147 1277 Pl.
1170 1203 1266 1269 Stich.
1291 1199 1354 1266 168
1375 1219 1440 1283 sq.:

451 1344 554 1412 Soldre
577 1343 775 1427 elephantum
798 1341 959 1426 gravidam
982 1342 1147 1425 perpetuos
1170 1341 1311 1407 decem

451 1466 528 1532 llsse
552 1467 680 1532 dunos
697 1463 732 1548 ¹).

738 1687 770 1769 e)
805 1686 1022 1754 Afranius.

383 1841 426 1906 es
449 1841 580 1926 (ouans.
603 1840 635 1904 11
657 1860 686 1924 p.
708 1837 783 1919 241,
808 1838 847 1904 11
870 1838 944 1922 nn:
969 1817 1092 1906 annisu.

712 2065 744 2148 f)
784 2063 1052 2146 Pomponius.

384 2221 427 2285 64
450 2219 545 2304 (Non.
570 2220 640 2298 114,
666 2218 738 2302 10):
762 2198 921 2285 confortati
944 2217 1131 2305 (Salmasius
1154 2217 1401 2303 „eonforissti“).

742 2442 775 2526 g)
813 2441 1031 2508 Laberius.

385 2595 473 2680 †24
495 2615 540 2680 sq.
566 2595 661 2682 (Non.
687 2594 757 2676 107,
782 2595 857 2680 3211

450 2733 518 2814 Qua
539 2753 571 2798 re
593 2735 658 2799 tam
681 2733 811 2799 arduum
836 2733 1009 2800 ascendas?
1046 2751 1084 2799 an
1108 2735 1359 2818 concupisti
1389 2754 1444 2802 eu·

1129 2856 1216 2939 giam
1239 2857 1402 2922 scindere?

425 2993 475 3059 Sic
506 2992 579 3059 libri
610 2994 704 3060 Nonii
735 2993 862 3076 optimi:
888 2992 1051 3078 ,Lugdnm
1090 2995 1188 3076 Harl..
1226 2993 1328 3060 Guell.
1354 2995 1386 3060 in
1408 2994 1444 3060 1..

322 3112 455 3178 Mueller
485 3115 648 3180 comment.
672 3113 739 3179 crit.
771 3117 848 3194 (non
882 3113 1152 3196 „concupiisti“!).
1198 3115 1299 3181 Verba
1329 3114 1446 3181 tradita

323 3235 389 3300 sine
411 3234 504 3302 dubio
527 3235 623 3300 sicin
646 3234 722 3301 duos
744 3253 851 3300 versus
874 3233 1090 3300 distribuenda
1113 3237 1202 3301 sunt:

986 3391 1047 3454 qua
1068 3392 1101 3438 re
1123 3375 1188 3439 tem
1213 3371 1345 3438 trduum

420 3489 610 3558 discendes?
646 3512 684 3557 en
708 3492 958 3575 concupisti
981 3491 1106 3575 erigium
1131 3543 1138 3558 .
1163 3541 1170 3556 .
1195 3472 1342 3558 scindere.

427 3770 453 3839 1)
479 3773 556 3826 ldem
583 3770 749 3837 Appuhnius
775 3769 810 3824 de
837 3768 935 3824 usnimi
961 3781 1048 3822 versu
1075 3768 1110 3835 (p.
1129 3767 1163 3823 87
1181 3767 1232 3838 sq.)
1263 3769 1324 3823 sine
1340 3767 1445 3824 iudicio

325 3859 467 3922 disseruit,
485 3871 601 3912 versum
620 3856 694 3910 enim
713 3855 900 3910 conformavit
917 3871 975 3911 non
992 3855 1072 3908 illurn
1090 3856 1203 3922 quidem
1217 3870 1273 3910 non
1286 3868 1448 3922 amoenum,

324 3946 375 3999 sed
392 3945 556 3998 accentibus
574 3955 753 4010 pessumum:

429 4029 507 4094 Quae
524 4029 601 4082 intra
618 4042 707 4082 annos
726 4027 823 4082 decem
840 4028 963 4096 nequisti
981 4027 1066 4082 untm
1084 4027 1182 4094 togam
1200 4027 1343 4092 detexere,

325 4117 463 4172 annotans
490 4116 578 4170 haec:
607 4115 756 4179 „Fortasse
782 4115 916 4182 nequiisti
939 4115 1125 4182 praeplacet“.
1161 4114 1213 4168 llio
1230 4116 1324 4168 tamen
1342 4126 1443 4168 versus
1478 4152 1481 4154 -

324 4203 416 4270 magis
442 4202 575 4256 ferendus
603 4202 654 4265 est,
684 4215 768 4268 quam
785 4215 869 4269 quem
886 4201 1026 4255 Lucienus
1045 4199 1162 4254 Mueller
1178 4201 1209 4254 in
1226 4201 1318 4256 Nonio
1337 4198 1445 4254 edendo

324 4303 441 4344 versum
468 4289 568 4352 effecit,
595 4289 675 4343 cuius
702 4289 821 4342 similem
848 4289 900 4342 vix
926 4288 956 4342 in
983 4289 1045 4342 tota.
1074 4287 1265 4342 Romanorum
1282 4287 1363 4354 poesi
1378 4286 1447 4340 iam·

324 4377 389 4432 bica
406 4376 552 4430 invenies:

349 4461 424 4516 lnter
441 4461 452 4530 l
471 4461 567 4516 decern
584 4460 596 4530 s
614 4475 685 4529 quae
704 4460 792 4516 annos
811 4460 822 4529 s
839 4459 961 4527 nequist'
981 4459 992 4528 s
1009 4458 1094 4514 untm
1113 4461 1124 4528 l
1141 4459 1239 4526 togam
1256 4459 1267 4528 s
1285 4457 1429 4512 detexere.
