3186 5282
697 497 739 560 79

613 587 819 596 ——

153 695 266 760 aetatis
298 695 462 777 scriptores
493 695 642 764 iambicos
673 699 868 764 tractandam
899 718 965 766 esse
995 700 1059 764 iam
1090 700 1279 782 supradixi,

152 815 187 892 2)
211 833 316 880 versus
339 817 394 879 aut
415 817 553 898 corrupti
575 818 630 882 aut
652 819 684 881 in
710 819 797 884 libris
820 839 913 885 manu
942 821 1066 903 scriptis
1097 821 1180 886 varie
1211 822 1277 885 tra-

152 933 211 997 diti
232 933 327 998 latius
350 953 386 998 ac
408 935 508 1000 fusius
531 935 744 1002 considerandi
759 939 840 1016 sunt,
867 939 901 1020 3)
925 957 953 1003 a.
971 938 1063 1017 1884,
1087 958 1146 1021 quo
1162 940 1278 1024 tonger-
1382 936 1384 941 ’

151 1052 274 1118 bruchii
296 1051 464 1136 disputatio
488 1055 572 1120 edita
594 1058 651 1135 est,
685 1057 815 1122 dimidia
845 1060 968 1123 tantum
1000 1078 1071 1142 pars
1102 1060 1277 1125 fabularum

152 1171 369 1240 Plautinurnm
401 1176 631 1242 commentariis
664 1177 779 1242 criticis
810 1178 963 1244 instructa
994 1179 1159 1261 prodierat,
1197 1199 1278 1246 nunc

150 1293 183 1357 ot
213 1311 320 1358 omnes
351 1294 464 1377 viginti
495 1315 513 1360 a
545 1295 765 1362 Ritschelianis
799 1299 863 1362 illis
886 1299 986 1364 editae
1010 1300 1042 1364 ot
1063 1300 1278 1383 fragmentaa

152 1409 293 1476 Wintoro
317 1412 502 1496 Goetaioque
526 1415 655 1480 collecta
678 1418 760 1496 suut,
788 1418 821 1500 4)
844 1418 976 1500 denique
998 1437 1076 1502 quae
1092 1418 1277 1501 gravissima

152 1529 228 1594 mihi
258 1531 330 1596 fuit
351 1551 452 1610 causa,
491 1533 527 1596 nt
563 1552 629 1598 rem
666 1536 876 1613 retractarem,
915 1535 1163 1620 Engelbrechtus
1200 1534 1278 1600 duo

151 1653 379 1716 formarum
418 1653 592 1718 ordines
630 1673 689 1720 non
722 1655 871 1735 distinxit,
904 1675 980 1738 quos
1013 1657 1177 1722 seiunctim
1207 1675 1278 1738 per-

150 1772 329 1838 lustrandos
354 1792 421 1840 esse
445 1775 613 1839 contendo:

255 1893 267 1954 1
300 1911 363 1971 eas,
401 1912 530 1976 quarum
562 1894 703 1958 clausula
735 1895 839 1960 iambo
871 1895 920 1960 vel
952 1895 1064 1960 cretico
1095 1898 1276 1979 respondet:

150 2013 289 2078 futurum
313 2015 464 2093 exactum,
488 2015 691 2081 indicativum
716 2017 1022 2100 plusquamperfect,
1046 2017 1277 2083 coniunctivum

149 2131 278 2213 perfecti
311 2145 507 2211 „amavero·‘,
548 2135 775 2214 „amaveram³‘,
810 2137 1016 2213 ,amaverim“
1050 2140 1106 2217 (·-=
1130 2164 1147 2187 υ
1164 2172 1182 2180 -
1198 2164 1216 2187 ν
1232 2139 1276 2218 -J,

150 2253 261 2334 quibus
293 2253 490 2337 adiungenda
522 2255 569 2320 est
591 2255 690 2322 forma
712 2257 733 2319 3
755 2275 902 2338 personae
925 2257 1056 2340 pluralis
1079 2257 1207 2340 perfecti
1228 2258 1277 2321 in-

151 2372 288 2450 dicativi,
326 2392 403 2456 quae
441 2393 531 2457 scope
569 2375 647 2440 banc
681 2376 809 2460 praebet
839 2395 1016 2442 mensuram
1053 2377 1276 2457 „amavbrunt“

232 2521 250 2544 ν
266 2529 284 2536 “
301 2521 319 2544 υ
336 2497 379 2572 ·],

252 2614 286 2678 ΙΙ
308 2633 368 2690 eas,
403 2633 481 2696 quae
503 2616 535 2678 in
559 2615 737 2680 trochaeum
760 2616 968 2698 spondeumvc
992 2616 1123 2682 cadunt:
1162 2617 1182 2680 2
1204 2635 1276 2699 per·

150 2752 257 2798 sonam
281 2732 409 2815 perfecti
431 2733 601 2813 indicativi,
635 2736 864 2801 coniunctivum
892 2736 1197 2820 plusquampert'ecti,
1230 2737 1277 2800 in·

148 2853 305 2920 finitivum
333 2855 462 2936 perfecti
489 2855 730 2939 ,amavisti(s)“,
763 2857 1020 2940 „amavissetmt“
1052 2856 1107 2941 (ε
1130 2884 1148 2907 υ
1164 2891 1182 2898 -
1199 2890 1216 2898 -
1233 2861 1276 2935 Ξ).

252 2974 335 3054 Quos
366 2976 538 3042 formarum
569 2977 691 3042 ordines
722 2995 759 3041 ea
790 2978 828 3042 de
856 2996 949 3042 causa
971 2976 1187 3044 discmnondos
1209 2995 1276 3042 esse

149 3097 234 3177 puto,
266 3096 347 3180 quod
380 3115 524 3162 versuum
556 3099 714 3164 structuri
745 3099 889 3162 effectum
911 3100 969 3177 est,
1000 3099 1036 3164 ut
1057 3117 1184 3181 prorsus
1206 3097 1277 3164 aliis

148 3216 321 3280 rationibus
359 3216 579 3282 adhiberentur
616 3218 733 3282 formae
771 3221 881 3299 plenae
918 3219 1130 3284 contractusve
1161 3217 1277 3282 ordinis

149 3354 241 3418 quem
274 3336 370 3400 statui
400 3336 512 3417 prioris
544 3338 636 3419 atquo
667 3337 807 3402 alterius.
852 3337 941 3416 Quod
972 3337 1137 3402 discrimen
1159 3337 1277 3421 Eugei-

148 3457 293 3524 brochtus
316 3475 387 3522 cum
409 3457 606 3540 neglexisset,
629 3477 735 3524 verum
758 3459 905 3542 indagare
929 3477 989 3523 non
1012 3459 1114 3539 potuit
1130 3457 1166 3542 ¹).

252 3578 424 3645 Conradtus
447 3578 530 3644 enim
552 3579 573 3644 l.
596 3599 621 3645 s.
646 3580 667 3644 l.
700 3579 780 3645 hanc
810 3581 913 3663 legem
944 3581 1072 3646 statuit:
1111 3580 1168 3660 „In
1200 3579 1276 3645 don-

145 3699 271 3782 jenigen
300 3699 442 3783 Formen,
473 3699 522 3764 die
553 3719 611 3766 von
635 3700 797 3766 Perfecten
820 3699 875 3765 auf
894 3700 970 3778 -avi,
995 3699 1069 3773 -evi,
1094 3699 1161 3764 -ovi
1183 3699 1276 3781 obge-

148 3819 238 3886 leitet
261 3820 330 3884 sind
361 3822 425 3886 und
446 3823 479 3888 in
502 3823 601 3889 denen
633 3823 683 3888 die
714 3823 907 3906 angehiingte
938 3822 1073 3906 idndung
1104 3822 1179 3888 mit
1210 3841 1277 3888 ·er

253 4101 279 4164 1)
306 4099 423 4154 Minoris
450 4099 524 4154 facio
549 4115 669 4164 errores,
697 4115 768 4167 quos
786 4099 1010 4167 Engelbrechtus
1029 4099 1059 4152 in
1076 4099 1197 4166 singuiis
1214 4113 1276 4152 ver·

149 4186 227 4240 sibus
255 4188 406 4251 commisit,
433 4186 512 4241 velut
539 4187 625 4242 falsus
652 4188 789 4242 indicavit
807 4188 937 4241 codicum
955 4186 1110 4253 scripturas
1128 4186 1164 4240 ad
1181 4184 1275 4238 Plauti

148 4283 195 4323 vv.
214 4272 292 4339 Amp.
312 4273 370 4336 272,
389 4273 437 4326 As.
456 4271 498 4328 79.
517 4272 576 4337 727,
595 4273 661 4327 'Pru
680 4274 738 4335 957,
756 4273 820 4326 Aul.
833 4274 892 4336 266,
911 4271 976 4326 'l'ru
989 4273 1041 4327 575
1053 4272 1105 4336 at,
1123 4271 1275 4325 nonnullos

149 4356 244 4408 antem
262 4371 363 4411 versus
382 4361 479 4413 onrisit
496 4360 576 4414 velut
593 4359 679 4414 Poen.
699 4359 775 4423 1044,
793 4359 848 4413 Mil.
868 4360 928 4423 922,
953 4359 984 4412 R.
1003 4359 1089 4422 9562,
1115 4357 1196 4425 Amp.
1215 4356 1275 4420 468,

148 4438 180 4491 R.
198 4440 258 4504 591,
285 4441 340 4495 Mil.
360 4445 436 4507 1313,
464 4444 510 4512 Op.
529 4446 588 4501 306.
