3230 5282
702 493 742 557 77

619 583 825 592 n———---

157 694 277 760 dandus
310 696 357 759 est
389 695 528 760 Koonius
546 695 581 779 ¹),
619 697 671 779 qui
702 697 820 779 pn'mus
843 717 898 764 nos
921 697 1035 778 docuit,
1073 702 1221 781 quantam
1245 700 1283 766 ad

158 816 363 881 elocutionem
386 815 667 881 transformandam
690 817 753 882 vim
778 818 890 882 habeat
912 819 1054 897 metrum,
1086 819 1210 884 etiamsi
1229 819 1284 884 illc

157 937 238 1000 iusto
261 936 410 1001 maiorem
432 935 495 1001 uim
519 938 617 1001 metro
640 936 751 1002 tribuit
773 957 869 1020 caque
902 937 939 1001 dc
962 955 1055 1004 causa
1078 957 1167 1022 saepe
1190 939 1283 1004 vehe-

158 1059 277 1121 menter
299 1076 417 1122 arrasse
441 1057 518 1121 mihi
540 1057 672 1123 videtur.
718 1058 809 1122 Nunc
841 1058 1020 1142 pervolgata
1043 1059 1091 1124 est
1112 1077 1161 1123 ros
1184 1060 1284 1124 omni·

158 1177 215 1241 bus
246 1178 409 1260 poetarum
442 1197 613 1242 sermonem
644 1177 864 1261 indagantibus
891 1197 1036 1260 quaerere
1060 1180 1164 1244 utrum
1189 1197 1284 1262 quae-

158 1295 231 1362 dam
253 1297 368 1363 locutio
391 1297 442 1364 vel
464 1316 522 1364 vox
544 1301 643 1364 metro
666 1299 827 1364 conveniat
849 1318 953 1364 necne.
999 1299 1058 1364 Sed
1074 1299 1156 1382 quod
1172 1299 1283 1364 abhinc

157 1419 381 1500 quinquaginta
404 1437 499 1483 annos
523 1419 580 1484 hoc
602 1419 665 1484 iam
687 1419 850 1498 intellexit,
883 1419 969 1486 laudi
1001 1438 1036 1484 ac
1065 1421 1176 1485 morito
1199 1420 1283 1484 Koe-

157 1537 208 1601 nio
231 1537 376 1602 dandum.
422 1537 485 1602 Fac
508 1538 624 1620 cogites
648 1539 798 1620 quantum
820 1537 994 1604 interfuerit
1017 1539 1137 1603 nullum
1154 1538 1283 1603 verbum
1309 1557 1313 1562 ·

156 1647 476 1738 proceleusmaticum,
500 1658 622 1724 nullum
646 1659 805 1738 creticum,
829 1659 961 1737 nullum,
995 1659 1026 1721 in
1050 1677 1110 1740 quo
1132 1676 1195 1722 uua
1217 1657 1283 1739 syl·

157 1775 229 1841 laba
260 1777 360 1842 brevis
394 1777 513 1844 duabus
545 1779 647 1861 longis
679 1779 799 1843 inclusa
831 1781 923 1858 esset,
957 1798 975 1844 a
1006 1781 1113 1860 poeta¹
1131 1778 1284 1862 dactylico

157 1896 298 1962 adhiberi
320 1899 466 1981 potuisse,
500 1899 588 1964 velut
611 1899 769 1978 celebriter,
803 1900 928 1982 grecus,
961 1897 1196 1964 amaveramus.
1241 1897 1285 1960 At

157 2019 217 2083 alia
249 2020 396 2112 nimirum
427 2021 511 2085 fuero
543 2021 677 2097 vincula,
715 2019 826 2102 quibus
857 2020 975 2085 Ennius
1009 2019 1133 2102 linguae
1167 2018 1284 2082 latinae

157 2139 285 2203 novator
316 2139 515 2220 premeretur,
555 2140 625 2217 alia,
665 2139 777 2220 quibus
810 2139 863 2221 qui
901 2139 1020 2204 iambot
1058 2138 1090 2202 ct
1126 2137 1284 2202 trochaeos
1371 2215 1375 2222 ,

157 2259 335 2324 scriberent.
389 2260 457 2324 Etsi
495 2259 697 2325 concedamus
734 2261 843 2341 poetas
882 2259 1036 2324 scaenicos
1067 2258 1187 2322 veteres
1218 2275 1285 2321 am·

156 2382 330 2463 plissimam
368 2382 428 2448 sibi
465 2382 638 2447 vindicasse
675 2381 852 2474 libertatem
889 2380 921 2444 in
959 2380 1058 2444 metro
1096 2377 1282 2443 Graecanico

155 2501 326 2580 tractando,
357 2502 463 2566 tamen
495 2503 570 2566 satis
602 2502 691 2566 erant
722 2500 819 2566 severi
850 2500 881 2562 in
905 2498 965 2562 fine
989 2497 1218 2576 conformando,
1250 2499 1283 2561 in

157 2639 282 2684 caesura
313 2621 456 2704 legitima
489 2621 672 2699 adhibenda,
707 2621 740 2684 in
772 2618 973 2685 consociando
996 2636 1101 2682 versus
1124 2617 1190 2682 ictu
1213 2635 1283 2682 cum

156 2742 316 2807 verborum
341 2742 478 2806 accentu.
524 2742 565 2806 Et
595 2743 644 2806 his
678 2760 751 2805 sane
773 2741 894 2824 legibus
918 2759 952 2805 co
975 2737 1216 2816 adducebantur,
1249 2738 1285 2802 ut

157 2863 233 2928 alias
265 2863 425 2928 verborum
458 2862 574 2926 formas
606 2862 796 2938 adamarent,
836 2861 913 2925 alias
951 2860 1052 2924 minus
1089 2857 1283 2936 adhiberent,

157 2983 234 3048 alias
257 2982 386 3064 denique
410 3001 470 3046 non
494 2983 643 3065 ponerent
664 2981 725 3046 nisi
747 2983 779 3046 in
804 2982 895 3046 certis
918 2999 1024 3045 vorsus
1047 2979 1187 3061 pedibus.

259 3101 374 3182 Quodsi
398 3104 466 3184 quis
491 3106 605 3168 formas
628 3103 743 3168 latinas
766 3104 901 3168 tractare
924 3101 1009 3181 velit,
1035 3101 1170 3182 primum
1192 3100 1284 3166 debet

157 3220 346 3304 distinguere
368 3224 529 3302 poetarum
553 3241 727 3287 sermonem
751 3223 973 3287 cierationem
997 3220 1179 3303 pedestrem,
1213 3221 1282 3284 tum

157 3340 317 3422 poetarum
342 3341 565 3424 dactylioorum
589 3343 621 3405 et
644 3342 845 3407 iambicorum
863 3340 898 3425 ²).
943 3341 1030 3406 Duo
1060 3339 1157 3424 igitur
1179 3339 1283 3404 statuo

156 3461 281 3544 linguae
312 3461 451 3543 poeticae
483 3480 605 3544 genera,
645 3481 717 3526 nam
750 3481 846 3543 neque
879 3461 1016 3526 carmina
1047 3460 1186 3526 saturnia
1217 3462 1283 3544 plc-

156 3599 281 3663 ramquc
304 3582 423 3664 partem
447 3583 621 3663 temporum
644 3581 840 3662 iniquitatem
863 3581 1011 3656 tulerunt,
1046 3600 1144 3663 neque
1175 3600 1282 3646 versus

156 3701 355 3783 anapaestici,
379 3701 545 3780 bacchiaci,
571 3702 684 3781 cretici,
718 3701 757 3766 al.
780 3699 889 3765 inserti
911 3701 1076 3766 comoediis
1099 3701 1281 3786 tragoediis-

259 4016 286 4083 1)
316 4013 438 4079 ,Koena
465 4013 536 4068 iiber
554 4014 600 4068 dio
618 4013 743 4081 spraono
770 4014 820 4066 der
838 4011 998 4066 romischeu
1016 4011 1129 4078 Epiker,
1156 4012 1283 4066 Miinster

159 4102 233 4156 1840'
258 4188 285 4254 2)
312 4187 492 4242 Manifestum
519 4189 563 4242 est
589 4181 799 4255 pedestris
830 4196 943 4250 quoquc
969 4185 1108 4237 sermonis
1138 4185 1283 4250 complura

156 4285 220 4326 esse
238 4285 343 4338 genera
361 4276 446 4342 atque
465 4289 488 4328 o.
502 4289 524 4328 e.
542 4272 769 4342 distinguendam
789 4283 852 4324 esse
871 4269 1005 4334 linguam,
1025 4283 1081 4336 qua
1098 4268 1282 4335 magistratus

156 4359 309 4412 senatusue
327 4361 356 4413 in
374 4361 485 4427 legibus
505 4361 682 4428 decretisque
701 4361 828 4422 utuntur,
856 4356 891 4410 ab
911 4355 1039 4409 orations
1059 4353 1182 4418 Catonis,
1209 4354 1283 4409 hauc
1340 4398 1342 4404 .

155 4457 173 4495 a
191 4442 288 4507 lingua
307 4442 491 4498 Ciceroniana
510 4449 562 4500 eto.
