3230 5282
610 1211 757 1330 Caput
782 1212 825 1305 ll.

151 1461 231 1594 llo
249 1445 478 1632 perlecti
499 1459 555 1592 in
572 1459 647 1594 -vi
668 1459 918 1600 excuntis
934 1459 1121 1594 tornis
1138 1457 1279 1632 apud

52 1768 56 1776 .
153 1665 402 1832 Plautum
434 1671 756 1836 ceterosque
785 1670 975 1836 poetas
999 1663 1275 1830 iambicos.

256 2111 302 2174 De
326 2111 365 2176 iis
388 2111 550 2175 verborum
583 2109 751 2174 latinorum
783 2109 889 2173 formis
916 2127 934 2173 a
965 2107 1099 2191 perfecto
1131 2108 1277 2174 derivatis

152 2232 188 2294 ut
220 2231 318 2327 denuo
350 2249 474 2314 agerem
506 2230 644 2294 animum
677 2229 792 2307 induxi,
828 2247 905 2310 quae
936 2227 1076 2292 litteram
1108 2229 1277 2310 spirantem

155 2355 213 2429 „u“
238 2351 287 2416 vel
310 2352 470 2415 servarunt
491 2351 541 2415 vel
564 2349 745 2428 omiserunt,
779 2367 848 2412 nam
883 2367 953 2412 cum
984 2349 1015 2412 in
1048 2347 1155 2414 Plauti
1186 2367 1275 2414 usum

151 2471 348 2552 inquirerem,
371 2471 511 2534 intellexi
534 2489 603 2536 eum
628 2489 733 2534 omnes
756 2469 950 2551 quaestiones
974 2469 1193 2550 grammaticas
1209 2470 1276 2534 tum

151 2589 231 2652 hanc
253 2588 303 2652 uix
326 2587 364 2652 ad
388 2589 507 2652 certum
541 2588 634 2652 finem
666 2588 793 2670 perduci
823 2605 922 2670 posse,
956 2587 1121 2670 antequam
1151 2588 1277 2670 plena

151 2708 320 2772 formarum
343 2707 484 2772 collectio
508 2707 673 2790 diligenter
696 2708 871 2772 examinata
894 2707 934 2772 sit
957 2726 1053 2790 eaque
1084 2725 1140 2788 per
1170 2707 1277 2771 tem-

153 2827 269 2908 poris
301 2828 446 2910 spatia
479 2827 510 2892 et
544 2846 699 2912 genera
731 2827 946 2892 orationis
978 2827 1107 2911 digesta.
1160 2826 1276 2906 Quam-

152 2967 245 3030 quam
276 2965 335 3014 non
368 2968 493 3030 prorsus
526 2948 637 3013 desunt
669 2948 951 3029 commentationes,
989 2967 1067 3032 quae
1090 2948 1126 3012 de
1148 2949 1277 3030 perfecti

144 3069 257 3134 termis
290 3069 390 3152 plenis
423 3071 454 3134 et
485 3069 676 3133 brevioribus
708 3069 816 3150 agant,
846 3067 900 3132 sed
922 3085 1039 3150 paucae
1061 3087 1130 3134 mea
1152 3069 1275 3151 quidem

152 3191 303 3254 sententia
325 3209 397 3255 vera
418 3189 538 3254 ratione
562 3190 705 3272 scriptae,
729 3207 899 3271 perpaucae
921 3188 989 3253 tota
1010 3191 1172 3254 uerborum
1189 3191 1276 3272 copia

152 3310 308 3392 congesta.
362 3309 449 3372 Duae
480 3307 697 3374 tantummodo
729 3307 959 3374 dissertationes
990 3307 1163 3373 laudandae
1194 3311 1275 3385 sunt,

152 3430 251 3494 altera
273 3429 406 3512 Eugenii
430 3427 651 3493 Frohwein
676 3426 758 3506 „Die
780 3427 1074 3512 Perfectbildungen
1098 3429 1152 3494 aul
1173 3431 1203 3494 vi
1226 3430 1276 3496 bei

152 3551 257 3616 Cicero
289 3549 370 3616 Gera
402 3547 517 3628 1874“,
553 3549 606 3630 qui
639 3552 761 3614 summa
793 3548 956 3632 diligentia
987 3550 1090 3613 omnia
1122 3549 1276 3616 Ciceronis

151 3671 268 3751 scripta
305 3669 438 3752 perlegit
474 3671 506 3734 et
543 3669 646 3734 omnia
683 3669 822 3752 exempla
860 3667 1030 3732 secundum
1060 3669 1183 3734 vocales
1216 3675 1274 3746 „u“

150 3789 289 3853 litteram
312 3789 531 3870 praecedentes
554 3789 723 3871 proposuit,
757 3788 853 3852 altera
884 3787 1035 3852 Ludouiei
1057 3787 1277 3853 Scheffler

152 3907 321 3990 (Theodori
344 3907 414 3971 Birt
436 3907 606 3988 discipuli),
640 3927 717 3990 quae
740 3907 919 3974 inscribitur
952 3907 1019 3984 „De
1041 3907 1170 3989 perfecti
1191 3908 1223 3972 in
1245 3908 1276 3972 vi

150 4029 290 4092 exeuntis
322 4027 427 4092 formis
460 4026 542 4109 apud
573 4029 679 4110 poetas
711 4028 825 4094 latinos
855 4028 1024 4112 dactylicos
1047 4029 1275 4093 occurrentibus

150 4147 312 4231 Marpurgi
337 4147 459 4226 1890‘2
492 4148 626 4212 maxime
649 4149 751 4213 autem
774 4150 806 4214 id
831 4149 927 4226 doleo,
962 4149 1042 4231 quod
1064 4167 1153 4214 nemo
1176 4149 1276 4214 adhuc

151 4268 301 4348 quantum
324 4270 386 4333 scio
410 4269 467 4333 sub
490 4287 551 4333 uno
575 4268 734 4334 ceorlorum
758 4271 923 4352 conspectu
947 4269 1069 4335 dicendi
1100 4287 1197 4353 genus
1219 4289 1275 4352 po·

151 4385 222 4462 suit,
257 4403 316 4466 quo
347 4387 465 4468 priseae
495 4389 606 4454 aetatis
639 4388 804 4472 scriptores
836 4390 885 4453 usi
917 4390 997 4460 sunt.
1041 4390 1161 4456 Neuius
1183 4391 1274 4468 enim,

151 4503 204 4584 qui
243 4504 381 4568 omniurn
419 4508 485 4580 erat
522 4508 781 4591 diligentissimus
817 4509 850 4573 in
888 4509 1129 4576 declinationum
1168 4511 1275 4576 formis

1068 4628 1104 4684 5*
