<?xml version="1.0" encoding="UTF-8"?>
<!DOCTYPE html PUBLIC "-//W3C//DTD XHTML 1.0 Transitional//EN"
    "http://www.w3.org/TR/xhtml1/DTD/xhtml1-transitional.dtd">
<html xmlns="http://www.w3.org/1999/xhtml" xml:lang="en" lang="en">
 <head>
  <title>
</title>
<meta http-equiv="Content-Type" content="text/html;charset=utf-8" />
  <meta name='ocr-system' content='tesseract 3.04.00' />
  <meta name='ocr-capabilities' content='ocr_page ocr_carea ocr_par ocr_line ocrx_word'/>
</head>
<body>
  <div class='ocr_page' id='page_1' title='image "./quaestionumgram01brocgoog_0153.png"; bbox 0 0 3230 5282; ppageno 0'>
   <div class='ocr_carea' id='block_1_1' title="bbox 726 515 767 578">
    <p class='ocr_par' dir='ltr' id='par_1_1' title="bbox 726 515 767 578">
     <span class='ocr_line' id='line_1_1' title="bbox 726 515 767 578; baseline 0 0"><span class='ocrx_word' id='word_1_1' title='bbox 726 515 767 578; x_wconf 83' lang='lat'><strong>95</strong></span> 
     </span>
    </p>
   </div>
   <div class='ocr_carea' id='block_1_2' title="bbox 645 604 849 614">
    <p class='ocr_par' dir='ltr' id='par_1_2' title="bbox 645 604 849 614">
     <span class='ocr_line' id='line_1_2' title="bbox 645 604 849 614; baseline -0.01 -1"><span class='ocrx_word' id='word_1_2' title='bbox 645 604 849 614; x_wconf 65' lang='lat'><em>--„--..——</em></span> 
     </span>
    </p>
   </div>
   <div class='ocr_carea' id='block_1_3' title="bbox 100 715 1308 4174">
    <p class='ocr_par' dir='ltr' id='par_1_3' title="bbox 176 715 1308 3070">
     <span class='ocr_line' id='line_1_3' title="bbox 183 715 1308 796; baseline 0.005 -16"><span class='ocrx_word' id='word_1_3' title='bbox 183 715 318 794; x_wconf 77' lang='lat' dir='ltr'><strong>,acrius‘‚</strong></span> <span class='ocrx_word' id='word_1_4' title='bbox 351 717 483 794; x_wconf 79' lang='lat' dir='ltr'><strong>,acriter‘</strong></span> <span class='ocrx_word' id='word_1_5' title='bbox 515 717 584 782; x_wconf 89' lang='lat' dir='ltr'><strong>sim.</strong></span> <span class='ocrx_word' id='word_1_6' title='bbox 609 717 814 784; x_wconf 90' lang='lat' dir='ltr'><strong>diiudicandis</strong></span> <span class='ocrx_word' id='word_1_7' title='bbox 842 717 1017 796; x_wconf 77' lang='lat' dir='ltr'><strong>concedam,</strong></span> <span class='ocrx_word' id='word_1_8' title='bbox 1050 737 1110 784; x_wconf 91' lang='lat' dir='ltr'><strong>non</strong></span> <span class='ocrx_word' id='word_1_9' title='bbox 1142 722 1308 786; x_wconf 76' lang='lat' dir='ltr'>concedam</span> 
     </span>
     <span class='ocr_line' id='line_1_4' title="bbox 182 834 1308 920; baseline 0.004 -20"><span class='ocrx_word' id='word_1_10' title='bbox 182 834 221 900; x_wconf 88' lang='lat' dir='ltr'><strong>ad</strong></span> <span class='ocrx_word' id='word_1_11' title='bbox 245 853 350 900; x_wconf 89' lang='lat' dir='ltr'><strong>omues</strong></span> <span class='ocrx_word' id='word_1_12' title='bbox 373 835 405 900; x_wconf 90' lang='lat' dir='ltr'><strong>id</strong></span> <span class='ocrx_word' id='word_1_13' title='bbox 430 835 543 900; x_wconf 90' lang='lat' dir='ltr'><strong>valere.</strong></span> <span class='ocrx_word' id='word_1_14' title='bbox 587 835 669 900; x_wconf 89' lang='lat' dir='ltr'><strong>Nam</strong></span> <span class='ocrx_word' id='word_1_15' title='bbox 701 837 769 902; x_wconf 87' lang='lat' dir='ltr'><strong>tum</strong></span> <span class='ocrx_word' id='word_1_16' title='bbox 801 838 901 902; x_wconf 90' lang='lat' dir='ltr'><strong>cetera</strong></span> <span class='ocrx_word' id='word_1_17' title='bbox 929 839 1041 916; x_wconf 73' lang='lat' dir='ltr'><strong>omnia,</strong></span> <span class='ocrx_word' id='word_1_18' title='bbox 1072 857 1150 920; x_wconf 90' lang='lat' dir='ltr'><strong>quae</strong></span> <span class='ocrx_word' id='word_1_19' title='bbox 1179 839 1212 904; x_wconf 92' lang='lat' dir='ltr'><strong>in</strong></span> <span class='ocrx_word' id='word_1_20' title='bbox 1243 859 1308 905; x_wconf 90' lang='lat' dir='ltr'><strong>cre-</strong></span> 
     </span>
     <span class='ocr_line' id='line_1_5' title="bbox 182 955 1306 1040; baseline 0.004 -20"><span class='ocrx_word' id='word_1_21' title='bbox 182 955 279 1022; x_wconf 84' lang='lat' dir='ltr'><strong>ticum</strong></span> <span class='ocrx_word' id='word_1_22' title='bbox 311 957 432 1034; x_wconf 74' lang='lat' dir='ltr'><strong>exeunt</strong></span> <span class='ocrx_word' id='word_1_23' title='bbox 468 955 651 1038; x_wconf 90' lang='lat' dir='ltr'><strong>plerumque</strong></span> <span class='ocrx_word' id='word_1_24' title='bbox 682 957 713 1020; x_wconf 90' lang='lat' dir='ltr'><strong>in</strong></span> <span class='ocrx_word' id='word_1_25' title='bbox 745 956 804 1022; x_wconf 89' lang='lat' dir='ltr'><strong>fine</strong></span> <span class='ocrx_word' id='word_1_26' title='bbox 836 975 941 1022; x_wconf 89' lang='lat' dir='ltr'><strong>versus</strong></span> <span class='ocrx_word' id='word_1_27' title='bbox 972 958 1074 1040; x_wconf 89' lang='lat' dir='ltr'><strong>posita</strong></span> <span class='ocrx_word' id='word_1_28' title='bbox 1103 962 1306 1038; x_wconf 87' lang='lat' dir='ltr'><strong>occurrerent,</strong></span> 
     </span>
     <span class='ocr_line' id='line_1_6' title="bbox 182 1073 1307 1160; baseline 0.004 -22"><span class='ocrx_word' id='word_1_29' title='bbox 182 1073 264 1156; x_wconf 90' lang='lat' dir='ltr'><strong>qued</strong></span> <span class='ocrx_word' id='word_1_30' title='bbox 295 1093 356 1140; x_wconf 90' lang='lat' dir='ltr'><strong>non</strong></span> <span class='ocrx_word' id='word_1_31' title='bbox 387 1074 433 1140; x_wconf 87' lang='lat' dir='ltr'><strong>ita</strong></span> <span class='ocrx_word' id='word_1_32' title='bbox 463 1093 531 1140; x_wconf 88' lang='lat' dir='ltr'><strong>esse</strong></span> <span class='ocrx_word' id='word_1_33' title='bbox 562 1073 709 1156; x_wconf 82' lang='lat' dir='ltr'><strong>exemplis</strong></span> <span class='ocrx_word' id='word_1_34' title='bbox 742 1075 848 1140; x_wconf 89' lang='lat' dir='ltr'><strong>allatis</strong></span> <span class='ocrx_word' id='word_1_35' title='bbox 879 1074 1106 1142; x_wconf 77' lang='lat' dir='ltr'><strong>demonstrabo,</strong></span> <span class='ocrx_word' id='word_1_36' title='bbox 1155 1078 1307 1160; x_wconf 86' lang='lat' dir='ltr'><strong>Apertum</strong></span> 
     </span>
     <span class='ocr_line' id='line_1_7' title="bbox 180 1194 1306 1277; baseline 0.002 -17"><span class='ocrx_word' id='word_1_37' title='bbox 180 1195 273 1277; x_wconf 87' lang='lat' dir='ltr'><strong>atque</strong></span> <span class='ocrx_word' id='word_1_38' title='bbox 305 1194 505 1262; x_wconf 85' lang='lat' dir='ltr'><strong>manifestum</strong></span> <span class='ocrx_word' id='word_1_39' title='bbox 538 1198 586 1260; x_wconf 86' lang='lat' dir='ltr'><strong>est</strong></span> <span class='ocrx_word' id='word_1_40' title='bbox 617 1195 789 1274; x_wconf 84' lang='lat' dir='ltr'><strong>„arbitror“</strong></span> <span class='ocrx_word' id='word_1_41' title='bbox 813 1195 864 1262; x_wconf 95' lang='lat' dir='ltr'><strong>vel</strong></span> <span class='ocrx_word' id='word_1_42' title='bbox 889 1197 1040 1273; x_wconf 77' lang='lat' dir='ltr'><strong>„arbitro‘</strong></span> <span class='ocrx_word' id='word_1_43' title='bbox 1066 1197 1179 1264; x_wconf 86' lang='lat' dir='ltr'><strong>melius</strong></span> <span class='ocrx_word' id='word_1_44' title='bbox 1201 1217 1306 1263; x_wconf 88' lang='lat' dir='ltr'><strong>versus</strong></span> 
     </span>
     <span class='ocr_line' id='line_1_8' title="bbox 179 1313 1307 1398; baseline 0.002 -20"><span class='ocrx_word' id='word_1_45' title='bbox 179 1313 235 1378; x_wconf 89' lang='lat' dir='ltr'><strong>fini</strong></span> <span class='ocrx_word' id='word_1_46' title='bbox 268 1315 438 1392; x_wconf 79' lang='lat' dir='ltr'><strong>convenire,</strong></span> <span class='ocrx_word' id='word_1_47' title='bbox 472 1333 563 1396; x_wconf 90' lang='lat' dir='ltr'><strong>quam</strong></span> <span class='ocrx_word' id='word_1_48' title='bbox 596 1334 623 1380; x_wconf 90' lang='lat' dir='ltr'><strong>e.</strong></span> <span class='ocrx_word' id='word_1_49' title='bbox 646 1333 677 1398; x_wconf 88' lang='lat' dir='ltr'><strong>g.</strong></span> <span class='ocrx_word' id='word_1_50' title='bbox 701 1316 802 1394; x_wconf 84' lang='lat' dir='ltr'><strong>„siet“</strong></span> <span class='ocrx_word' id='word_1_51' title='bbox 829 1315 1028 1398; x_wconf 81' lang='lat' dir='ltr'><strong>bispllabum.</strong></span> <span class='ocrx_word' id='word_1_52' title='bbox 1072 1317 1118 1380; x_wconf 88' lang='lat' dir='ltr'><strong>At</strong></span> <span class='ocrx_word' id='word_1_53' title='bbox 1148 1334 1218 1381; x_wconf 91' lang='lat' dir='ltr'><strong>vero</strong></span> <span class='ocrx_word' id='word_1_54' title='bbox 1249 1317 1307 1383; x_wconf 92' lang='lat' dir='ltr'><strong>hoc</strong></span> 
     </span>
     <span class='ocr_line' id='line_1_9' title="bbox 180 1433 1306 1516; baseline 0 -18"><span class='ocrx_word' id='word_1_55' title='bbox 180 1433 331 1500; x_wconf 90' lang='lat' dir='ltr'><strong>habemus</strong></span> <span class='ocrx_word' id='word_1_56' title='bbox 354 1436 386 1500; x_wconf 93' lang='lat' dir='ltr'><strong>in</strong></span> <span class='ocrx_word' id='word_1_57' title='bbox 410 1433 470 1500; x_wconf 86' lang='lat' dir='ltr'><strong>fine</strong></span> <span class='ocrx_word' id='word_1_58' title='bbox 493 1453 598 1502; x_wconf 81' lang='lat' dir='ltr'><strong>versus</strong></span> <span class='ocrx_word' id='word_1_59' title='bbox 621 1434 671 1502; x_wconf 90' lang='lat' dir='ltr'><strong>vel</strong></span> <span class='ocrx_word' id='word_1_60' title='bbox 692 1435 723 1500; x_wconf 92' lang='lat' dir='ltr'><strong>in</strong></span> <span class='ocrx_word' id='word_1_61' title='bbox 747 1434 877 1500; x_wconf 87' lang='lat' dir='ltr'><strong>diceresi</strong></span> <span class='ocrx_word' id='word_1_62' title='bbox 895 1434 1075 1516; x_wconf 88' lang='lat' dir='ltr'><strong>saepissime</strong></span> <span class='ocrx_word' id='word_1_63' title='bbox 1098 1433 1306 1516; x_wconf 83' lang='lat' dir='ltr'><strong>(condebito,</strong></span> 
     </span>
     <span class='ocr_line' id='line_1_10' title="bbox 180 1554 1306 1639; baseline 0 -19"><span class='ocrx_word' id='word_1_64' title='bbox 180 1555 255 1637; x_wconf 91' lang='lat' dir='ltr'><strong>quin</strong></span> <span class='ocrx_word' id='word_1_65' title='bbox 290 1555 389 1621; x_wconf 92' lang='lat' dir='ltr'><strong>multo</strong></span> <span class='ocrx_word' id='word_1_66' title='bbox 422 1555 494 1638; x_wconf 88' lang='lat' dir='ltr'><strong>plus</strong></span> <span class='ocrx_word' id='word_1_67' title='bbox 518 1556 633 1622; x_wconf 86' lang='lat' dir='ltr'><strong>centies</strong></span> <span class='ocrx_word' id='word_1_68' title='bbox 655 1554 851 1639; x_wconf 78' lang='lat' dir='ltr'><strong>inveniatur),</strong></span> <span class='ocrx_word' id='word_1_69' title='bbox 884 1555 986 1622; x_wconf 90' lang='lat' dir='ltr'><strong>medio</strong></span> <span class='ocrx_word' id='word_1_70' title='bbox 1017 1556 1049 1620; x_wconf 92' lang='lat' dir='ltr'><strong>in</strong></span> <span class='ocrx_word' id='word_1_71' title='bbox 1081 1573 1171 1620; x_wconf 86' lang='lat' dir='ltr'><strong>versu</strong></span> <span class='ocrx_word' id='word_1_72' title='bbox 1201 1557 1306 1620; x_wconf 88' lang='lat' dir='ltr'><strong>novies</strong></span> 
     </span>
     <span class='ocr_line' id='line_1_11' title="bbox 180 1675 1306 1761; baseline 0.003 -23"><span class='ocrx_word' id='word_1_73' title='bbox 180 1675 230 1739; x_wconf 87' lang='lat' dir='ltr'><strong>vel</strong></span> <span class='ocrx_word' id='word_1_74' title='bbox 263 1675 367 1756; x_wconf 90' lang='lat' dir='ltr'><strong>potius</strong></span> <span class='ocrx_word' id='word_1_75' title='bbox 398 1677 507 1758; x_wconf 89' lang='lat' dir='ltr'><strong>quater</strong></span> <span class='ocrx_word' id='word_1_76' title='bbox 531 1677 615 1761; x_wconf 84' lang='lat' dir='ltr'><strong>[vide</strong></span> <span class='ocrx_word' id='word_1_77' title='bbox 638 1695 730 1759; x_wconf 89' lang='lat' dir='ltr'><strong>supra</strong></span> <span class='ocrx_word' id='word_1_78' title='bbox 752 1697 782 1758; x_wconf 94' lang='lat' dir='ltr'><strong>p.</strong></span> <span class='ocrx_word' id='word_1_79' title='bbox 806 1675 848 1738; x_wconf 82' lang='lat'><strong>84</strong></span> <span class='ocrx_word' id='word_1_80' title='bbox 870 1677 950 1760; x_wconf 82' lang='lat' dir='ltr'><strong>sq.];</strong></span> <span class='ocrx_word' id='word_1_81' title='bbox 987 1677 1094 1741; x_wconf 89' lang='lat' dir='ltr'><strong>contra</strong></span> <span class='ocrx_word' id='word_1_82' title='bbox 1125 1675 1306 1759; x_wconf 70' lang='lat' dir='ltr'><strong>‚arbitrolrJ‘</strong></span> 
     </span>
     <span class='ocr_line' id='line_1_12' title="bbox 180 1796 1305 1878; baseline -0.002 -16"><span class='ocrx_word' id='word_1_83' title='bbox 180 1798 286 1864; x_wconf 81' lang='lat' dir='ltr'><strong>tricies</strong></span> <span class='ocrx_word' id='word_1_84' title='bbox 309 1798 372 1862; x_wconf 83' lang='lat' dir='ltr'><strong>sere</strong></span> <span class='ocrx_word' id='word_1_85' title='bbox 395 1799 428 1862; x_wconf 92' lang='lat' dir='ltr'><strong>in</strong></span> <span class='ocrx_word' id='word_1_86' title='bbox 458 1797 529 1876; x_wconf 79' lang='lat' dir='ltr'><strong>fine,</strong></span> <span class='ocrx_word' id='word_1_87' title='bbox 560 1798 592 1862; x_wconf 94' lang='lat' dir='ltr'><strong>in</strong></span> <span class='ocrx_word' id='word_1_88' title='bbox 624 1797 694 1862; x_wconf 90' lang='lat' dir='ltr'><strong>aliis</strong></span> <span class='ocrx_word' id='word_1_89' title='bbox 726 1798 828 1862; x_wconf 88' lang='lat' dir='ltr'><strong>autem</strong></span> <span class='ocrx_word' id='word_1_90' title='bbox 862 1796 992 1878; x_wconf 87' lang='lat' dir='ltr'><strong>pedibus</strong></span> <span class='ocrx_word' id='word_1_91' title='bbox 1025 1797 1135 1876; x_wconf 86' lang='lat' dir='ltr'><strong>decies,</strong></span> <span class='ocrx_word' id='word_1_92' title='bbox 1166 1817 1224 1862; x_wconf 92' lang='lat' dir='ltr'><strong>uon</strong></span> <span class='ocrx_word' id='word_1_93' title='bbox 1258 1797 1305 1860; x_wconf 90' lang='lat' dir='ltr'><strong>bis</strong></span> 
     </span>
     <span class='ocr_line' id='line_1_13' title="bbox 179 1917 1304 2001; baseline -0.002 -17"><span class='ocrx_word' id='word_1_94' title='bbox 179 1922 275 1998; x_wconf 84' lang='lat' dir='ltr'><strong>terve,</strong></span> <span class='ocrx_word' id='word_1_95' title='bbox 307 1919 339 1984; x_wconf 92' lang='lat' dir='ltr'><strong>id</strong></span> <span class='ocrx_word' id='word_1_96' title='bbox 371 1918 453 2001; x_wconf 88' lang='lat' dir='ltr'><strong>quod</strong></span> <span class='ocrx_word' id='word_1_97' title='bbox 483 1920 730 2000; x_wconf 74' lang='lat' dir='ltr'><strong>exspectaremus</strong></span> <span class='ocrx_word' id='word_1_98' title='bbox 761 1937 816 2000; x_wconf 93' lang='lat' dir='ltr'><strong>pre</strong></span> <span class='ocrx_word' id='word_1_99' title='bbox 846 1918 971 1984; x_wconf 89' lang='lat' dir='ltr'><strong>illorum</strong></span> <span class='ocrx_word' id='word_1_100' title='bbox 993 1919 1153 1984; x_wconf 90' lang='lat' dir='ltr'><strong>verborum</strong></span> <span class='ocrx_word' id='word_1_101' title='bbox 1176 1917 1304 1982; x_wconf 84' lang='lat' dir='ltr'><strong>ratione</strong></span> 
     </span>
     <span class='ocr_line' id='line_1_14' title="bbox 181 2039 1305 2123; baseline 0 -21"><span class='ocrx_word' id='word_1_102' title='bbox 181 2041 239 2106; x_wconf 88' lang='lat' dir='ltr'><strong>Vel</strong></span> <span class='ocrx_word' id='word_1_103' title='bbox 271 2040 406 2123; x_wconf 81' lang='lat' dir='ltr'><strong>deligam</strong></span> <span class='ocrx_word' id='word_1_104' title='bbox 438 2041 612 2122; x_wconf 83' lang='lat' dir='ltr'><strong>exemplum</strong></span> <span class='ocrx_word' id='word_1_105' title='bbox 635 2039 863 2122; x_wconf 72' lang='lat' dir='ltr'><strong>gravissimum,</strong></span> <span class='ocrx_word' id='word_1_106' title='bbox 895 2039 988 2106; x_wconf 90' lang='lat' dir='ltr'><strong>verba</strong></span> <span class='ocrx_word' id='word_1_107' title='bbox 1020 2039 1088 2104; x_wconf 89' lang='lat' dir='ltr'><strong>dico</strong></span> <span class='ocrx_word' id='word_1_108' title='bbox 1120 2039 1305 2121; x_wconf 87' lang='lat' dir='ltr'><strong>quinque</strong></span> 
     </span>
     <span class='ocr_line' id='line_1_15' title="bbox 177 2156 1305 2244; baseline -0.004 -20"><span class='ocrx_word' id='word_1_109' title='bbox 177 2161 368 2244; x_wconf 80' lang='lat' dir='ltr'><strong>syllabarum</strong></span> <span class='ocrx_word' id='word_1_110' title='bbox 392 2179 487 2243; x_wconf 87' lang='lat' dir='ltr'><strong>eaque</strong></span> <span class='ocrx_word' id='word_1_111' title='bbox 508 2161 541 2224; x_wconf 92' lang='lat' dir='ltr'><strong>in</strong></span> <span class='ocrx_word' id='word_1_112' title='bbox 564 2160 724 2241; x_wconf 85' lang='lat' dir='ltr'><strong>epitritum</strong></span> <span class='ocrx_word' id='word_1_113' title='bbox 746 2160 875 2224; x_wconf 88' lang='lat' dir='ltr'><strong>tertium</strong></span> <span class='ocrx_word' id='word_1_114' title='bbox 898 2156 1048 2237; x_wconf 73' lang='lat' dir='ltr'><strong>exeuntia,</strong></span> <span class='ocrx_word' id='word_1_115' title='bbox 1080 2157 1166 2223; x_wconf 88' lang='lat' dir='ltr'><strong>velut</strong></span> <span class='ocrx_word' id='word_1_116' title='bbox 1188 2156 1305 2236; x_wconf 83' lang='lat' dir='ltr'><strong>„eonfi-</strong></span> 
     </span>
     <span class='ocr_line' id='line_1_16' title="bbox 179 2279 1303 2365; baseline -0.005 -18"><span class='ocrx_word' id='word_1_117' title='bbox 179 2283 313 2361; x_wconf 67' lang='lat' dir='ltr'><strong>cenam,</strong></span> <span class='ocrx_word' id='word_1_118' title='bbox 359 2281 612 2362; x_wconf 82' lang='lat' dir='ltr'><strong>„confidenti0r“‚</strong></span> <span class='ocrx_word' id='word_1_119' title='bbox 661 2280 922 2365; x_wconf 79' lang='lat' dir='ltr'><strong>„confidentius“i</strong></span> <span class='ocrx_word' id='word_1_120' title='bbox 989 2279 1073 2343; x_wconf 91' lang='lat' dir='ltr'><strong>Num</strong></span> <span class='ocrx_word' id='word_1_121' title='bbox 1113 2279 1171 2343; x_wconf 91' lang='lat' dir='ltr'><strong>hae</strong></span> <span class='ocrx_word' id='word_1_122' title='bbox 1214 2296 1303 2342; x_wconf 91' lang='lat' dir='ltr'><strong>voces</strong></span> 
     </span>
     <span class='ocr_line' id='line_1_17' title="bbox 177 2397 1303 2486; baseline -0.006 -19"><span class='ocrx_word' id='word_1_123' title='bbox 177 2403 307 2486; x_wconf 84' lang='lat' dir='ltr'><strong>pessunt</strong></span> <span class='ocrx_word' id='word_1_124' title='bbox 329 2401 430 2466; x_wconf 92' lang='lat' dir='ltr'><strong>medio</strong></span> <span class='ocrx_word' id='word_1_125' title='bbox 454 2407 485 2464; x_wconf 92' lang='lat' dir='ltr'><strong>in</strong></span> <span class='ocrx_word' id='word_1_126' title='bbox 509 2419 600 2464; x_wconf 89' lang='lat' dir='ltr'><strong>versu</strong></span> <span class='ocrx_word' id='word_1_127' title='bbox 622 2419 788 2479; x_wconf 75' lang='lat' dir='ltr'><strong>occurrere,</strong></span> <span class='ocrx_word' id='word_1_128' title='bbox 820 2399 847 2464; x_wconf 93' lang='lat' dir='ltr'><strong>si</strong></span> <span class='ocrx_word' id='word_1_129' title='bbox 867 2399 1013 2478; x_wconf 79' lang='lat' dir='ltr'><strong>‚cottidie‘</strong></span> <span class='ocrx_word' id='word_1_130' title='bbox 1045 2397 1303 2480; x_wconf 62' lang='lat' dir='ltr'><strong>quadrisylla</strong></span> 
     </span>
     <span class='ocr_line' id='line_1_18' title="bbox 178 2517 1303 2604; baseline -0.006 -17"><span class='ocrx_word' id='word_1_131' title='bbox 178 2524 252 2588; x_wconf 92' lang='lat' dir='ltr'><strong>bum</strong></span> <span class='ocrx_word' id='word_1_132' title='bbox 276 2522 381 2588; x_wconf 89' lang='lat' dir='ltr'><strong>novies</strong></span> <span class='ocrx_word' id='word_1_133' title='bbox 405 2519 488 2602; x_wconf 89' lang='lat' dir='ltr'><strong>apud</strong></span> <span class='ocrx_word' id='word_1_134' title='bbox 509 2521 658 2584; x_wconf 87' lang='lat' dir='ltr'><strong>Plautum</strong></span> <span class='ocrx_word' id='word_1_135' title='bbox 680 2521 701 2584; x_wconf 92' lang='lat' dir='ltr'><strong>i.</strong></span> <span class='ocrx_word' id='word_1_136' title='bbox 725 2521 757 2599; x_wconf 75' lang='lat' dir='ltr'><strong>t,</strong></span> <span class='ocrx_word' id='word_1_137' title='bbox 785 2521 833 2584; x_wconf 89' lang='lat' dir='ltr'><strong>bis</strong></span> <span class='ocrx_word' id='word_1_138' title='bbox 856 2520 920 2604; x_wconf 83' lang='lat' dir='ltr'><strong>[vel</strong></span> <span class='ocrx_word' id='word_1_139' title='bbox 941 2517 1238 2602; x_wconf 78' lang='lat' dir='ltr'><strong>potius&#39;nunquam)</strong></span> <span class='ocrx_word' id='word_1_140' title='bbox 1261 2535 1303 2582; x_wconf 92' lang='lat' dir='ltr'><strong>m.</strong></span> 
     </span>
     <span class='ocr_line' id='line_1_19' title="bbox 176 2638 1302 2719; baseline -0.006 -11"><span class='ocrx_word' id='word_1_141' title='bbox 176 2645 197 2708; x_wconf 91' lang='lat' dir='ltr'><strong>i.</strong></span> <span class='ocrx_word' id='word_1_142' title='bbox 220 2664 249 2710; x_wconf 93' lang='lat' dir='ltr'><strong>v.</strong></span> <span class='ocrx_word' id='word_1_143' title='bbox 275 2643 382 2706; x_wconf 78' lang='lat' dir='ltr'><strong>extat?</strong></span> <span class='ocrx_word' id='word_1_144' title='bbox 425 2641 543 2707; x_wconf 87' lang='lat' dir='ltr'><strong>Verum</strong></span> <span class='ocrx_word' id='word_1_145' title='bbox 574 2641 730 2706; x_wconf 90' lang='lat' dir='ltr'><strong>enimvero</strong></span> <span class='ocrx_word' id='word_1_146' title='bbox 765 2641 989 2719; x_wconf 81' lang='lat' dir='ltr'><strong>„confidentia“</strong></span> <span class='ocrx_word' id='word_1_147' title='bbox 1023 2642 1081 2704; x_wconf 89' lang='lat' dir='ltr'><strong>etc.</strong></span> <span class='ocrx_word' id='word_1_148' title='bbox 1113 2639 1132 2703; x_wconf 90' lang='lat' dir='ltr'><strong>i.</strong></span> <span class='ocrx_word' id='word_1_149' title='bbox 1156 2639 1177 2702; x_wconf 87' lang='lat' dir='ltr'><strong>i.</strong></span> <span class='ocrx_word' id='word_1_150' title='bbox 1203 2638 1253 2703; x_wconf 91' lang='lat' dir='ltr'><strong>vel</strong></span> <span class='ocrx_word' id='word_1_151' title='bbox 1275 2657 1302 2702; x_wconf 82' lang='lat' dir='ltr'><strong>a</strong></span> 
     </span>
     <span class='ocr_line' id='line_1_20' title="bbox 177 2758 1304 2844; baseline -0.004 -16"><span class='ocrx_word' id='word_1_152' title='bbox 177 2764 206 2830; x_wconf 86' lang='lat' dir='ltr'><strong>d.</strong></span> <span class='ocrx_word' id='word_1_153' title='bbox 231 2764 333 2828; x_wconf 87' lang='lat' dir='ltr'><strong>decies</strong></span> <span class='ocrx_word' id='word_1_154' title='bbox 356 2763 450 2840; x_wconf 84' lang='lat' dir='ltr'><strong>extat,</strong></span> <span class='ocrx_word' id='word_1_155' title='bbox 474 2763 582 2844; x_wconf 89' lang='lat' dir='ltr'><strong>quater</strong></span> <span class='ocrx_word' id='word_1_156' title='bbox 604 2779 645 2824; x_wconf 94' lang='lat' dir='ltr'><strong>m.</strong></span> <span class='ocrx_word' id='word_1_157' title='bbox 669 2761 688 2824; x_wconf 89' lang='lat' dir='ltr'><strong>i.</strong></span> <span class='ocrx_word' id='word_1_158' title='bbox 712 2780 742 2824; x_wconf 89' lang='lat' dir='ltr'><strong>v.</strong></span> <span class='ocrx_word' id='word_1_159' title='bbox 786 2760 886 2825; x_wconf 88' lang='lat' dir='ltr'><strong>Nemo</strong></span> <span class='ocrx_word' id='word_1_160' title='bbox 918 2781 991 2844; x_wconf 90' lang='lat' dir='ltr'><strong>ergo</strong></span> <span class='ocrx_word' id='word_1_161' title='bbox 1024 2759 1151 2844; x_wconf 81' lang='lat' dir='ltr'><strong>negabit</strong></span> <span class='ocrx_word' id='word_1_162' title='bbox 1172 2758 1203 2822; x_wconf 91' lang='lat' dir='ltr'><strong>in</strong></span> <span class='ocrx_word' id='word_1_163' title='bbox 1227 2761 1304 2836; x_wconf 82' lang='lat' dir='ltr'><strong>‚cot-</strong></span> 
     </span>
     <span class='ocr_line' id='line_1_21' title="bbox 177 2880 1304 2963; baseline -0.006 -13"><span class='ocrx_word' id='word_1_164' title='bbox 177 2885 264 2952; x_wconf 80' lang='lat' dir='ltr'><strong>tidic‘</strong></span> <span class='ocrx_word' id='word_1_165' title='bbox 295 2887 387 2949; x_wconf 88' lang='lat' dir='ltr'><strong>verbo</strong></span> <span class='ocrx_word' id='word_1_166' title='bbox 419 2882 596 2948; x_wconf 90' lang='lat' dir='ltr'><strong>collocando</strong></span> <span class='ocrx_word' id='word_1_167' title='bbox 628 2881 705 2946; x_wconf 89' lang='lat' dir='ltr'><strong>alias</strong></span> <span class='ocrx_word' id='word_1_168' title='bbox 737 2899 856 2963; x_wconf 92' lang='lat' dir='ltr'><strong>quoque</strong></span> <span class='ocrx_word' id='word_1_169' title='bbox 888 2901 996 2946; x_wconf 87' lang='lat' dir='ltr'><strong>causas</strong></span> <span class='ocrx_word' id='word_1_170' title='bbox 1027 2881 1160 2946; x_wconf 92' lang='lat' dir='ltr'><strong>valuisse</strong></span> <span class='ocrx_word' id='word_1_171' title='bbox 1183 2880 1304 2960; x_wconf 90' lang='lat' dir='ltr'><strong>praeter</strong></span> 
     </span>
     <span class='ocr_line' id='line_1_22' title="bbox 177 3005 442 3070; baseline -0.008 0"><span class='ocrx_word' id='word_1_172' title='bbox 177 3005 442 3070; x_wconf 88' lang='lat' dir='ltr'><strong>commoditatem.</strong></span> 
     </span>
    </p>

    <p class='ocr_par' dir='ltr' id='par_1_4' title="bbox 100 3119 1305 4174">
     <span class='ocr_line' id='line_1_23' title="bbox 280 3119 1304 3207; baseline -0.005 -19"><span class='ocrx_word' id='word_1_173' title='bbox 280 3126 384 3207; x_wconf 87' lang='lat' dir='ltr'><strong>Atque</strong></span> <span class='ocrx_word' id='word_1_174' title='bbox 417 3125 525 3190; x_wconf 91' lang='lat' dir='ltr'><strong>notum</strong></span> <span class='ocrx_word' id='word_1_175' title='bbox 559 3126 690 3189; x_wconf 89' lang='lat' dir='ltr'><strong>estnon</strong></span> <span class='ocrx_word' id='word_1_176' title='bbox 713 3123 814 3189; x_wconf 92' lang='lat' dir='ltr'><strong>solum</strong></span> <span class='ocrx_word' id='word_1_177' title='bbox 836 3123 868 3186; x_wconf 93' lang='lat' dir='ltr'><strong>in</strong></span> <span class='ocrx_word' id='word_1_178' title='bbox 891 3123 977 3204; x_wconf 90' lang='lat' dir='ltr'><strong>poesi</strong></span> <span class='ocrx_word' id='word_1_179' title='bbox 998 3121 1133 3186; x_wconf 88' lang='lat' dir='ltr'><strong>iambica</strong></span> <span class='ocrx_word' id='word_1_180' title='bbox 1155 3119 1304 3202; x_wconf 89' lang='lat' dir='ltr'><strong>quasdam</strong></span> 
     </span>
     <span class='ocr_line' id='line_1_24' title="bbox 178 3239 1305 3326; baseline -0.003 -19"><span class='ocrx_word' id='word_1_181' title='bbox 178 3243 292 3310; x_wconf 85' lang='lat' dir='ltr'><strong>formas</strong></span> <span class='ocrx_word' id='word_1_182' title='bbox 315 3245 523 3326; x_wconf 91' lang='lat' dir='ltr'><strong>formulasque</strong></span> <span class='ocrx_word' id='word_1_183' title='bbox 546 3245 638 3326; x_wconf 80' lang='lat' dir='ltr'><strong>certis</strong></span> <span class='ocrx_word' id='word_1_184' title='bbox 661 3244 786 3308; x_wconf 89' lang='lat' dir='ltr'><strong>sedibus</strong></span> <span class='ocrx_word' id='word_1_185' title='bbox 809 3244 899 3325; x_wconf 91' lang='lat' dir='ltr'><strong>poni;</strong></span> <span class='ocrx_word' id='word_1_186' title='bbox 922 3243 986 3306; x_wconf 92' lang='lat' dir='ltr'><strong>iam</strong></span> <span class='ocrx_word' id='word_1_187' title='bbox 1009 3260 1101 3322; x_wconf 88' lang='lat' dir='ltr'><strong>supra</strong></span> <span class='ocrx_word' id='word_1_188' title='bbox 1124 3261 1154 3324; x_wconf 89' lang='lat' dir='ltr'><strong>p.</strong></span> <span class='ocrx_word' id='word_1_189' title='bbox 1177 3242 1219 3304; x_wconf 83' lang='lat'><strong>83</strong></span> <span class='ocrx_word' id='word_1_190' title='bbox 1241 3239 1305 3304; x_wconf 84' lang='lat' dir='ltr'><strong>diri</strong></span> 
     </span>
     <span class='ocr_line' id='line_1_25' title="bbox 177 3361 1304 3456; baseline -0.002 -28"><span class='ocrx_word' id='word_1_191' title='bbox 177 3363 331 3447; x_wconf 86' lang='lat' dir='ltr'><strong>Langium</strong></span> <span class='ocrx_word' id='word_1_192' title='bbox 370 3365 547 3430; x_wconf 84' lang='lat' dir='ltr'><strong>observasse</strong></span> <span class='ocrx_word' id='word_1_193' title='bbox 583 3363 843 3456; x_wconf 88' lang='lat' dir='ltr'><strong>infinitivos</strong></span> <span class='ocrx_word' id='word_1_194' title='bbox 880 3363 922 3426; x_wconf 92' lang='lat' dir='ltr'><strong>in</strong></span> <span class='ocrx_word' id='word_1_195' title='bbox 960 3362 1047 3426; x_wconf 93' lang='lat' dir='ltr'><strong>-ier</strong></span> <span class='ocrx_word' id='word_1_196' title='bbox 1085 3361 1167 3443; x_wconf 91' lang='lat' dir='ltr'><strong>apud</strong></span> <span class='ocrx_word' id='word_1_197' title='bbox 1198 3362 1304 3443; x_wconf 88' lang='lat' dir='ltr'><strong>poetes</strong></span> 
     </span>
     <span class='ocr_line' id='line_1_26' title="bbox 179 3480 1305 3569; baseline -0.004 -20"><span class='ocrx_word' id='word_1_198' title='bbox 179 3485 429 3569; x_wconf 89' lang='lat' dir='ltr'><strong>dactylicos</strong></span> <span class='ocrx_word' id='word_1_199' title='bbox 462 3504 583 3568; x_wconf 91' lang='lat' dir='ltr'><strong>semper</strong></span> <span class='ocrx_word' id='word_1_200' title='bbox 612 3485 675 3549; x_wconf 86' lang='lat' dir='ltr'><strong>fere</strong></span> <span class='ocrx_word' id='word_1_201' title='bbox 706 3485 738 3548; x_wconf 87' lang='lat' dir='ltr'><strong>in</strong></span> <span class='ocrx_word' id='word_1_202' title='bbox 770 3483 877 3565; x_wconf 89' lang='lat' dir='ltr'><strong>quinto</strong></span> <span class='ocrx_word' id='word_1_203' title='bbox 908 3481 986 3564; x_wconf 90' lang='lat' dir='ltr'><strong>pede</strong></span> <span class='ocrx_word' id='word_1_204' title='bbox 1008 3499 1185 3559; x_wconf 89' lang='lat' dir='ltr'><strong>occurrerc;</strong></span> <span class='ocrx_word' id='word_1_205' title='bbox 1221 3480 1305 3545; x_wconf 89' lang='lat' dir='ltr'><strong>haud</strong></span> 
     </span>
     <span class='ocr_line' id='line_1_27' title="bbox 179 3601 1305 3688; baseline -0.008 -16"><span class='ocrx_word' id='word_1_206' title='bbox 179 3625 268 3672; x_wconf 90' lang='lat' dir='ltr'><strong>secus</strong></span> <span class='ocrx_word' id='word_1_207' title='bbox 294 3608 442 3685; x_wconf 80' lang='lat' dir='ltr'><strong>„luat“</strong></span> <span class='ocrx_word' id='word_1_208' title='bbox 475 3607 571 3671; x_wconf 88' lang='lat' dir='ltr'><strong>semel</strong></span> <span class='ocrx_word' id='word_1_209' title='bbox 593 3604 675 3688; x_wconf 90' lang='lat' dir='ltr'><strong>apud</strong></span> <span class='ocrx_word' id='word_1_210' title='bbox 698 3605 871 3688; x_wconf 85' lang='lat' dir='ltr'><strong>Vergilium</strong></span> <span class='ocrx_word' id='word_1_211' title='bbox 893 3603 985 3685; x_wconf 87' lang='lat' dir='ltr'><strong>idque</strong></span> <span class='ocrx_word' id='word_1_212' title='bbox 1008 3603 1040 3666; x_wconf 92' lang='lat' dir='ltr'><strong>in</strong></span> <span class='ocrx_word' id='word_1_213' title='bbox 1063 3620 1189 3686; x_wconf 82' lang='lat' dir='ltr'><strong>caesura</strong></span> <span class='ocrx_word' id='word_1_214' title='bbox 1212 3601 1305 3664; x_wconf 87' lang='lat' dir='ltr'><strong>semi-</strong></span> 
     </span>
     <span class='ocr_line' id='line_1_28' title="bbox 177 3720 1303 3812; baseline -0.008 -19"><span class='ocrx_word' id='word_1_215' title='bbox 177 3730 320 3812; x_wconf 87' lang='lat' dir='ltr'><strong>quinaria</strong></span> <span class='ocrx_word' id='word_1_216' title='bbox 352 3728 454 3793; x_wconf 87' lang='lat' dir='ltr'><strong>extare</strong></span> <span class='ocrx_word' id='word_1_217' title='bbox 486 3728 622 3793; x_wconf 91' lang='lat' dir='ltr'><strong>vidimus</strong></span> <span class='ocrx_word' id='word_1_218' title='bbox 654 3728 697 3808; x_wconf 84' lang='lat' dir='ltr'><strong>(v.</strong></span> <span class='ocrx_word' id='word_1_219' title='bbox 730 3743 822 3806; x_wconf 88' lang='lat' dir='ltr'><strong>supra</strong></span> <span class='ocrx_word' id='word_1_220' title='bbox 852 3744 882 3806; x_wconf 89' lang='lat' dir='ltr'><strong>p.</strong></span> <span class='ocrx_word' id='word_1_221' title='bbox 914 3723 966 3800; x_wconf 78' lang='lat'><strong>88,</strong></span> <span class='ocrx_word' id='word_1_222' title='bbox 1001 3722 1071 3786; x_wconf 89' lang='lat' dir='ltr'><strong>adn.</strong></span> <span class='ocrx_word' id='word_1_223' title='bbox 1097 3720 1137 3804; x_wconf 76' lang='lat' dir='ltr'><strong>l).</strong></span> <span class='ocrx_word' id='word_1_224' title='bbox 1183 3720 1303 3785; x_wconf 89' lang='lat' dir='ltr'><strong>Deinde</strong></span> 
     </span>
     <span class='ocr_line' id='line_1_29' title="bbox 100 3840 1304 3934; baseline -0.007 -19"><span class='ocrx_word' id='word_1_225' title='bbox 100 3859 104 3866; x_wconf 86' lang='lat'>&#39;</span> <span class='ocrx_word' id='word_1_226' title='bbox 178 3849 338 3934; x_wconf 79' lang='lat' dir='ltr'><strong>Asmus1)</strong></span> <span class='ocrx_word' id='word_1_227' title='bbox 361 3849 537 3914; x_wconf 86' lang='lat' dir='ltr'><strong>observavit</strong></span> <span class='ocrx_word' id='word_1_228' title='bbox 559 3849 590 3914; x_wconf 90' lang='lat' dir='ltr'><strong>in</strong></span> <span class='ocrx_word' id='word_1_229' title='bbox 614 3847 769 3930; x_wconf 87' lang='lat' dir='ltr'><strong>Propertii</strong></span> <span class='ocrx_word' id='word_1_230' title='bbox 791 3845 862 3910; x_wconf 89' lang='lat' dir='ltr'><strong>libri</strong></span> <span class='ocrx_word' id='word_1_231' title='bbox 882 3845 895 3908; x_wconf 96' lang='lat' dir='ltr'><strong>l</strong></span> <span class='ocrx_word' id='word_1_232' title='bbox 919 3843 1106 3908; x_wconf 89' lang='lat' dir='ltr'><strong>carminibus</strong></span> <span class='ocrx_word' id='word_1_233' title='bbox 1129 3840 1304 3924; x_wconf 85' lang='lat' dir='ltr'><strong>quindecim</strong></span> 
     </span>
     <span class='ocr_line' id='line_1_30' title="bbox 178 3961 1304 4052; baseline -0.01 -17"><span class='ocrx_word' id='word_1_234' title='bbox 178 3971 331 4052; x_wconf 89' lang='lat' dir='ltr'><strong>prioribus</strong></span> <span class='ocrx_word' id='word_1_235' title='bbox 354 3969 392 4034; x_wconf 94' lang='lat' dir='ltr'><strong>de</strong></span> <span class='ocrx_word' id='word_1_236' title='bbox 417 3968 478 4033; x_wconf 82' lang='lat'><strong>165</strong></span> <span class='ocrx_word' id='word_1_237' title='bbox 501 3967 746 4042; x_wconf 85' lang='lat' dir='ltr'><strong>nominibus</strong></span> <span class='ocrx_word' id='word_1_238' title='bbox 779 3965 970 4049; x_wconf 87' lang='lat' dir='ltr'><strong>propriis</strong></span> <span class='ocrx_word' id='word_1_239' title='bbox 999 3963 1060 4026; x_wconf 87' lang='lat'><strong>132</strong></span> <span class='ocrx_word' id='word_1_240' title='bbox 1082 3961 1114 4025; x_wconf 91' lang='lat' dir='ltr'><strong>in</strong></span> <span class='ocrx_word' id='word_1_241' title='bbox 1137 3961 1213 4025; x_wconf 89' lang='lat' dir='ltr'><strong>locis</strong></span> <span class='ocrx_word' id='word_1_242' title='bbox 1235 3980 1304 4046; x_wconf 82' lang='lat' dir='ltr'><strong>ver·</strong></span> 
     </span>
     <span class='ocr_line' id='line_1_31' title="bbox 178 4079 1303 4174; baseline -0.011 -20"><span class='ocrx_word' id='word_1_243' title='bbox 178 4109 230 4154; x_wconf 87' lang='lat' dir='ltr'><strong>sus</strong></span> <span class='ocrx_word' id='word_1_244' title='bbox 260 4090 434 4174; x_wconf 85' lang='lat' dir='ltr'><strong>insignibus</strong></span> <span class='ocrx_word' id='word_1_245' title='bbox 466 4091 569 4154; x_wconf 86' lang='lat' dir='ltr'><strong>extare</strong></span> <span class='ocrx_word' id='word_1_246' title='bbox 600 4085 656 4174; x_wconf 76' lang='lat'><strong>(23</strong></span> <span class='ocrx_word' id='word_1_247' title='bbox 679 4089 711 4152; x_wconf 93' lang='lat' dir='ltr'><strong>in</strong></span> <span class='ocrx_word' id='word_1_248' title='bbox 734 4105 841 4152; x_wconf 89' lang='lat' dir='ltr'><strong>versus</strong></span> <span class='ocrx_word' id='word_1_249' title='bbox 863 4087 961 4164; x_wconf 81' lang='lat' dir='ltr'><strong>initio,</strong></span> <span class='ocrx_word' id='word_1_250' title='bbox 994 4081 1035 4146; x_wconf 87' lang='lat'><strong>35</strong></span> <span class='ocrx_word' id='word_1_251' title='bbox 1057 4081 1089 4146; x_wconf 90' lang='lat' dir='ltr'><strong>in</strong></span> <span class='ocrx_word' id='word_1_252' title='bbox 1112 4080 1180 4156; x_wconf 92' lang='lat' dir='ltr'><strong>fine,</strong></span> <span class='ocrx_word' id='word_1_253' title='bbox 1206 4079 1248 4143; x_wconf 82' lang='lat'><strong>74</strong></span> <span class='ocrx_word' id='word_1_254' title='bbox 1270 4079 1303 4142; x_wconf 94' lang='lat' dir='ltr'><strong>in</strong></span> 
     </span>
    </p>
   </div>
   <div class='ocr_carea' id='block_1_4' title="bbox 177 4373 1305 4538">
    <p class='ocr_par' dir='ltr' id='par_1_5' title="bbox 177 4373 1305 4538">
     <span class='ocr_line' id='line_1_32' title="bbox 282 4373 1305 4451; baseline -0.011 -12"><span class='ocrx_word' id='word_1_255' title='bbox 282 4387 309 4451; x_wconf 83' lang='grc'><strong>1)</strong></span> <span class='ocrx_word' id='word_1_256' title='bbox 339 4385 396 4450; x_wconf 79' lang='lat' dir='ltr'><strong>„De</strong></span> <span class='ocrx_word' id='word_1_257' title='bbox 414 4383 601 4451; x_wconf 86' lang='lat' dir='ltr'><strong>appositionis</strong></span> <span class='ocrx_word' id='word_1_258' title='bbox 627 4382 701 4448; x_wconf 89' lang='lat' dir='ltr'><strong>apud</strong></span> <span class='ocrx_word' id='word_1_259' title='bbox 719 4381 850 4436; x_wconf 85' lang='lat' dir='ltr'><strong>Plautum</strong></span> <span class='ocrx_word' id='word_1_260' title='bbox 877 4382 906 4435; x_wconf 91' lang='lat' dir='ltr'><strong>et</strong></span> <span class='ocrx_word' id='word_1_261' title='bbox 929 4379 1092 4435; x_wconf 72' lang='lat' dir='ltr'><strong>Terentium</strong></span> <span class='ocrx_word' id='word_1_262' title='bbox 1119 4373 1305 4430; x_wconf 87' lang='lat' dir='ltr'><strong>collocatione</strong></span> 
     </span>
     <span class='ocr_line' id='line_1_33' title="bbox 177 4470 623 4538; baseline -0.02 -12"><span class='ocrx_word' id='word_1_263' title='bbox 177 4471 255 4525; x_wconf 87' lang='lat' dir='ltr'><strong>Halis</strong></span> <span class='ocrx_word' id='word_1_264' title='bbox 273 4471 341 4526; x_wconf 80' lang='lat' dir='ltr'><strong>Sax.</strong></span> <span class='ocrx_word' id='word_1_265' title='bbox 360 4471 453 4534; x_wconf 79' lang='lat'>1891“‚</span> <span class='ocrx_word' id='word_1_266' title='bbox 471 4485 496 4538; x_wconf 91' lang='lat' dir='ltr'><strong>p.</strong></span> <span class='ocrx_word' id='word_1_267' title='bbox 515 4470 557 4524; x_wconf 73' lang='lat'><strong>27.</strong></span> <span class='ocrx_word' id='word_1_268' title='bbox 619 4507 623 4516; x_wconf 89' lang='lat'><em>.</em></span> 
     </span>
    </p>
   </div>
   <div class='ocr_carea' id='block_1_5' title="bbox 0 0 1620 5282">
    <p class='ocr_par' dir='ltr' id='par_1_6' title="bbox 0 0 1620 5282">
     <span class='ocr_line' id='line_1_34' title="bbox 0 0 1620 5282; baseline 0 1"><span class='ocrx_word' id='word_1_269' title='bbox 0 0 1620 5282; x_wconf 95' lang='lat' dir='ltr'><strong> </strong></span> 
     </span>
    </p>
   </div>
   <div class='ocr_carea' id='block_1_6' title="bbox 1613 3889 1616 4903">
    <p class='ocr_par' dir='ltr' id='par_1_7' title="bbox 1613 3889 1616 4903">
     <span class='ocr_line' id='line_1_35' title="bbox 1613 3889 1616 4903; baseline 0 0"><span class='ocrx_word' id='word_1_270' title='bbox 1613 3889 1616 4903; x_wconf 95' lang='lat' dir='ltr'><strong> </strong></span> 
     </span>
    </p>
   </div>
   <div class='ocr_carea' id='block_1_7' title="bbox 1613 3889 1616 4903">
    <p class='ocr_par' dir='ltr' id='par_1_8' title="bbox 1613 3889 1616 4903">
     <span class='ocr_line' id='line_1_36' title="bbox 1613 3889 1616 4903; baseline 0 0"><span class='ocrx_word' id='word_1_271' title='bbox 1613 3889 1616 4903; x_wconf 95' lang='lat' dir='ltr'><strong> </strong></span> 
     </span>
    </p>
   </div>
  </div>
 </body>
</html>
