3230 5282
694 508 731 571 7]

254 712 300 776 Ex
323 730 382 794 quo
406 711 503 777 conici
526 711 600 776 licet
621 711 756 794 primurn
779 731 817 778 ne
839 731 900 778 unc
928 712 1050 796 quidem
1083 712 1151 778 loco
1173 729 1277 795 gram

153 831 284 896 maticos
315 850 371 896 sua
401 831 532 897 libidine
557 838 616 910 „u“
642 833 785 898 intulisse
818 834 956 916 (excepto
979 833 1108 898 fortasse
1130 829 1278 898 Varronis

153 951 211 1034 irg.
234 952 291 1015 sat.
315 951 398 1016 Men.
425 950 485 1014 175
509 951 639 1035 Buech.)
660 953 691 1036 ¹),
715 951 824 1016 deinde
847 970 905 1016 non
929 970 1059 1032 semper,
1083 951 1119 1034 ut
1140 951 1278 1034 plerique

153 1073 261 1151 putare
290 1070 444 1150 videntur,
476 1071 639 1156 scriptores
663 1073 694 1136 ll
716 1092 743 1136 a.
768 1072 838 1138 Chr.
862 1093 893 1139 n.
916 1072 1030 1138 saeculi
1064 1082 1122 1154 „u“
1155 1072 1279 1154 scripti-

153 1193 245 1271 tasse,
277 1192 331 1257 sed
360 1193 391 1258 in
416 1193 485 1258 aliis
508 1193 706 1275 superlativis
729 1193 898 1260 secundum
921 1193 1139 1276 pronuntiandi
1161 1211 1278 1258 morem

155 1311 206 1394 „i“
241 1313 363 1394 saepius
395 1330 487 1396 quam
523 1321 593 1389 „u“.
639 1313 884 1379 Consentaneum
920 1315 967 1378 est
998 1313 1175 1379 Ciceronem
1192 1313 1217 1397 ²)
1249 1315 1280 1378 et

154 1430 291 1497 Gellium
309 1433 336 1515 ³)
360 1436 480 1515 saepius
506 1441 565 1510 „u“
591 1453 728 1500 servasse
751 1453 843 1516 quam
866 1433 1013 1501 Nonium.

621 1709 826 1718 ——u—

254 1926 507 2010 Contemplemur
527 1947 606 2010 quae
629 1927 666 1992 de
689 1929 949 2011 superlativorum
979 1929 1199 2016 orthographia
1229 1931 1279 1994 in-

155 2049 348 2132 dagavimus.
393 2049 498 2132 Usque
530 2049 569 2114 ad
600 2049 682 2114 hunc
713 2049 795 2114 diem
826 2049 885 2114 viri
917 2049 1000 2115 docti
1028 2050 1280 2116 existimaverunt

158 2176 304 2248 „·umus“
330 2167 474 2234 suffixum
496 2169 648 2235 vetustius
671 2188 738 2234 osse
769 2189 863 2252 quam
890 2171 1037 2250 ,·imus“,
1069 2171 1127 2236 hoc
1158 2189 1194 2235 ex
1223 2171 1279 2235 illo

154 2309 221 2355 esse
243 2291 398 2367 ortum;
422 2309 515 2372 quam
539 2290 723 2356 sententiam
746 2289 795 2354 his
818 2291 1010 2371 argumentis
1033 2291 1221 2373 probabant:
1248 2291 1279 2354 in

154 2407 407 2490 inscriptionibus
431 2409 542 2473 aetatis
564 2408 680 2473 liberae
703 2408 893 2491 reipublicae
916 2427 1036 2490 semper
1051 2409 1113 2474 fere
1130 2416 1279 2488 „-umus“

155 2526 260 2604 scribi,
288 2526 399 2591 aetatis
422 2526 637 2609 imperatoriae
661 2547 783 2610 semper
804 2529 867 2594 iere
893 2530 1050 2607 „-imus“;
1089 2529 1169 2595 haud
1192 2548 1280 2594 secus

155 2646 188 2710 in
211 2647 381 2728 priscorum
404 2647 589 2730 scriptorum
612 2648 699 2714 libris
729 2669 819 2731 saepe
844 2657 901 2728 „u“
929 2652 1042 2715 entare.
1088 2648 1209 2729 Quare
1232 2650 1280 2714 illi

156 2765 283 2831 adducti
314 2768 397 2846 sunt,
429 2767 465 2832 ut
496 2767 636 2833 dicerent
658 2771 822 2851 scriptores
845 2789 870 2836 s.
893 2771 936 2835 Vl
962 2791 989 2836 a.
1013 2791 1043 2836 u.
1068 2791 1093 2836 c.
1118 2789 1281 2852 semper

156 2889 316 2970 scripsisse
341 2893 511 2966 „-umns“;
542 2889 611 2952 tum
634 2908 659 2953 s.
685 2889 743 2952 Vll
765 2891 797 2954 et
818 2891 908 2955 initio
932 2911 956 2955 s.
979 2891 1056 2954 Vlll
1078 2891 1156 2955 banc
1178 2891 1281 2956 ortho-

155 3009 319 3092 graphiam
340 3009 423 3074 haud
445 3027 514 3073 raro
537 3008 709 3074 adhibitam
733 3027 809 3090 esse,
832 3011 965 3074 maxime
988 3029 1006 3074 a
1028 3010 1176 3076 Sallustio
1192 3011 1279 3075 aliis·

157 3149 224 3212 que,
260 3130 314 3212 qui
336 3130 478 3211 antiquos
501 3129 708 3208 imitarentur,
741 3131 918 3196 auctoribus
942 3133 1072 3214 denique
1095 3131 1225 3197 Caesare
1248 3133 1280 3197 et

155 3250 300 3332 Augusto
323 3249 479 3328 suffixum,
502 3250 583 3332 qnod
606 3252 654 3314 est
678 3255 835 3330 „-umns“,
860 3251 898 3315 do
916 3252 1017 3317 medio
1033 3271 1099 3317 esse
1114 3253 1278 3318 remotum.

157 3369 247 3450 Quod
277 3371 305 3434 si
335 3371 367 3434 in
399 3369 555 3435 codicibus
586 3371 746 3451 poetarum
777 3390 803 3436 s.
827 3371 870 3435 VI
903 3371 952 3448 „i“
985 3371 1172 3454 frequentari
1194 3372 1280 3437 vide-

155 3509 267 3569 remus,
306 3490 364 3556 hoc
396 3508 462 3556 esse
494 3489 664 3554 scribarum
701 3507 799 3554 errore
834 3491 960 3568 tectum,
998 3492 1052 3572 qui
1082 3491 1280 3574 paullnlatim

156 3609 347 3692 irrepsisset,
394 3627 492 3691 neque
537 3608 575 3673 ab
617 3627 722 3674 eornm
767 3608 927 3674 voluntate
971 3610 1163 3691 prolectum;
1208 3628 1280 3674 nam

162 3766 420 3775 -———----—-

261 3850 286 3914 1)
314 3850 373 3902 Hac
392 3850 426 3902 de
444 3864 531 3904 causa
548 3850 644 3917 potius
662 3851 757 3904 Riesio
771 3849 970 3916 Muelleroquo‚
990 3850 1037 3917 qui
1052 3851 1111 3904 cod.
1126 3851 1280 3918 Lipsiensis

156 3937 308 3990 lectionem
327 3938 502 4004 receperunt,
522 3951 606 4003 quam
624 3937 799 3991 Buechelero
818 3937 1030 3990 assentiendum
1049 3950 1112 3990 esse
1130 3939 1206 4003 puto.

260 4022 286 4088 2)
313 4021 397 4088 Apud
409 4021 573 4076 Ciceronem
587 4024 676 4077 octies
696 4033 756 4087 „u“,
775 4023 894 4076 totidem
914 4024 974 4085 „i“;
992 4025 1077 4088 atque
1094 4022 1149 4075 hoc
1168 4023 1281 4089 quidem

156 4108 312 4162 notandum
331 4110 375 4161 est
392 4109 443 4162 has
463 4109 527 4162 octo
545 4109 651 4162 formas
673 4112 721 4172 „u“
742 4110 838 4164 littera
855 4109 975 4176 scriptas
994 4110 1024 4162 in
1042 4109 1174 4174 operibus
1193 4109 1281 4175 philo·

157 4195 281 4260 sophicis
311 4195 442 4257 inveniri,
472 4195 574 4262 quibus
603 4195 633 4248 in
663 4196 819 4250 scribendis
850 4197 951 4249 auctor
976 4197 1106 4249 veterum
1133 4197 1282 4261 poetarum

156 4279 244 4332 libros
263 4280 292 4333 in
310 4294 396 4333 manu
414 4279 520 4344 habuit,
540 4295 603 4334 cum
622 4282 651 4334 in
669 4283 798 4348 epistulis
817 4283 852 4335 ad
869 4282 1023 4335 familiares
1042 4295 1080 4334 ex
1097 4283 1191 4335 mente
1210 4281 1281 4333 attu-

157 4364 222 4418 lerit
239 4365 318 4419 locos
336 4367 457 4433 ideoque
476 4381 528 4420 suo
546 4381 625 4421 more
652 4367 678 4420 h.
698 4382 721 4421 e.
743 4369 783 4427 „i‘
803 4369 900 4422 littera
918 4369 1108 4436 superlativos
1127 4367 1281 4434 scripserit.

259 4451 285 4518 3)
314 4451 422 4506 Gellius
440 4453 483 4506 bis
505 4456 564 4517 „u“,
581 4455 627 4507 ter
646 4455 696 4515 „i‘.
