3230 5282
351 813 437 879 nullo
469 813 536 878 loco
568 815 689 895 praeter
719 811 812 878 finem
844 813 900 877 hoc
927 811 1052 877 verbnm
1080 812 1341 894 „imperaveram“
1363 831 1473 894 ponere

350 936 466 1018 poteris
479 957 486 999 :

643 1101 661 1123 c
678 1084 695 1121 ι
713 1101 731 1122 n
748 1108 766 1116 -
781 1101 798 1123 n
814 1053 843 1138 ll
860 1085 879 1122 ι
897 1101 914 1122 n
936 1053 1170 1135 imperaveram,

351 1212 412 1277 nisi
434 1211 578 1277 ultimam
602 1211 755 1295 syllabam
780 1218 870 1286 „am“
895 1211 1022 1276 elisione
1045 1209 1163 1274 delebis

350 1331 405 1396 aut
426 1331 490 1396 sic:
514 1375 531 1397 n
549 1359 566 1395 a
585 1376 602 1398 a
619 1383 636 1390 -
654 1377 671 1398 n
692 1329 720 1415 ss
742 1309 968 1411 imperaveram
992 1329 1143 1405 omnibus,
1226 1375 1229 1384 1

351 1451 405 1516 aut
420 1451 620 1534 praecedente
638 1449 849 1534 monosyllabo
865 1449 922 1513 sic:
939 1493 957 1516 a
972 1427 1197 1528 imperaveram
1209 1445 1238 1532 ll
1250 1447 1315 1512 Arte
1328 1499 1344 1507 -
1359 1475 1376 1512 a
1391 1476 1439 1514 aa
1452 1474 1470 1510 ε

452 1624 512 1690 Sed
534 1624 651 1690 formae
672 1625 708 1690 nt
732 1625 969 1703 „imperaveras
993 1623 1052 1700 -at,
1076 1623 1168 1688 -ant“
1191 1621 1292 1688 solum
1311 1622 1343 1686 in
1358 1622 1474 1686 senarii

349 1744 409 1810 fine
441 1745 585 1810 collocari
617 1747 756 1827 possunt,
787 1744 863 1810 item
895 1743 958 1808 fero
989 1744 1021 1808 in
1052 1745 1240 1810 tetrametris
1269 1743 1300 1808 in
1324 1743 1471 1808 creticum

348 1867 541 1932 exeuntibus.

453 1983 564 2048 Altera
587 1985 690 2048 antem
714 2001 807 2048 causa
829 1984 877 2048 est
898 1986 954 2062 ris,
986 2001 1063 2065 quae
1095 1983 1127 2046 in
1158 2002 1302 2050 versuum
1333 1983 1393 2048 fine
1423 1984 1472 2058 in·

348 2102 471 2178 haeret;
495 2103 557 2166 rim
581 2102 649 2167 dico
672 2103 813 2168 servandi
834 2102 950 2166 formas
970 2103 1097 2182 ueteres,
1122 2103 1286 2182 obsoletas,
1307 2104 1470 2170 inusitatas

349 2222 451 2307 (velut
475 2224 662 2303 „amarier“)
696 2226 726 2288 et
757 2222 880 2288 tutandi
911 2223 1058 2288 formulas
1090 2224 1238 2305 quasdam
1271 2224 1371 2302 (velut
1399 2223 1471 2300 „ubi
1589 2279 1590 2286 ,

348 2343 489 2426 gentium
512 2343 608 2424 sim).
655 2342 749 2408 Cuius
772 2344 970 2426 proprietatis
997 2343 1146 2408 nonnulla
1178 2345 1318 2426 exempla
1348 2363 1469 2427 compo-

348 2483 419 2530 nere
451 2465 537 2542 libet,
570 2464 684 2547 partim
716 2465 779 2530 iam
811 2465 849 2530 ab
882 2467 951 2530 aliis
983 2465 1113 2532 collecta
1139 2467 1189 2532 vel
1212 2468 1293 2531 certe
1315 2468 1468 2544 annotata,

347 2585 460 2667 partim
484 2606 503 2651 a
525 2605 574 2650 me
597 2605 676 2650 nune
699 2586 832 2667 primurn
855 2587 1012 2669 indagata.
1058 2588 1161 2668 Atque
1185 2587 1322 2651 omnium
1344 2585 1468 2668 quidem

347 2707 482 2790 primum
513 2708 739 2790 coniugationis
771 2708 924 2790 proferam
956 2709 1069 2773 formas
1100 2708 1263 2774 obsoletas.
1309 2708 1353 2772 In
1384 2707 1470 2771 fine

347 2827 436 2892 lere
456 2846 654 2892 versuum
677 2828 842 2892 cretico
866 2824 937 2894 aut
959 2831 1055 2893 ante
1078 2826 1313 2893 diaeresim
1336 2827 1471 2909 septe-

348 2949 1468 3016 uariorumiambicoruminveniunturformaehae:

453 3068 487 3141 1)
519 3067 747 3134 Infinitivi
772 3070 941 3151 passivi
973 3071 1011 3134 in
1035 3071 1140 3148 -ier‚
1173 3069 1211 3134 de
1234 3069 1346 3151 quibus
1369 3067 1469 3134 Ludo·

347 3187 449 3254 vicum
481 3189 585 3272 Longe
604 3189 629 3274 ¹)
660 3191 813 3254 uberrime
845 3190 945 3274 egisse
977 3192 1085 3254 notum
1117 3197 1172 3256 est.
1220 3191 1305 3256 Idem
1329 3190 1375 3254 vir
1397 3189 1468 3254 doc-

347 3308 486 3375 tissimus
509 3310 612 3375 omnia
634 3311 774 3393 exempla
796 3311 888 3376 huius
911 3311 1012 3377 suffiri
1035 3331 1072 3376 ex
1094 3311 1206 3376 litteris
1221 3311 1327 3376 latinis
1342 3309 1468 3391 collegit

346 3428 418 3494 inde
441 3449 459 3494 a
480 3429 556 3494 belli
577 3429 764 3495 Hannibalis
795 3431 985 3514 temporibus
1018 3450 1113 3513 usque
1147 3432 1187 3496 ad
1210 3431 1356 3498 Serenum
1380 3429 1467 3494 Sam·

347 3549 504 3614 monicum
535 3549 566 3614 et
597 3549 771 3614 Ausonium
805 3551 1071 3634 Burdigalensem.
1127 3552 1267 3634 Apparet
1302 3551 1365 3614 iam
1403 3548 1466 3614 Liri

348 3670 517 3736 Andronici
539 3671 639 3736 aetate
662 3672 719 3737 hoc
742 3671 887 3737 suffixum
910 3672 1083 3738 obsoletum
1106 3671 1201 3738 luisse
1219 3673 1259 3748 et,
1283 3689 1467 3754 quamquam

346 3791 378 3854 in
415 3791 586 3872 titulis,
630 3794 684 3876 qui
720 3791 761 3858 ad
798 3793 984 3858 vetustatem
1022 3794 1203 3858 servandam
1240 3790 1469 3874 propensissimi

346 3913 443 3990 erant,
475 3914 546 3994 post
568 3932 596 3978 a.
618 3912 719 3999 63lf2
741 3930 802 3976 non
825 3913 995 3991 occurrant,
1034 3933 1053 3978 a
1075 3913 1175 3995 poetis
1198 3911 1360 3995 dactylicis
1381 3909 1469 3976 adhi-

450 4156 477 4220 1)
503 4154 724 4208 Denksohriften
749 4155 799 4208 der
816 4155 933 4210 Wiener
958 4156 1115 4210 Akademie
1142 4155 1169 4210 X
1196 4156 1295 4222 (1860),
1323 4171 1347 4224 p.
1368 4155 1469 4220 1-58;

346 4243 472 4296 ceterum
498 4254 591 4306 neque
617 4240 659 4293 1111
686 4241 814 4308 contigit,
843 4243 875 4295 ut
901 4243 985 4296 huius
1004 4243 1102 4296 suffixi
1122 4242 1194 4304 „ior“
1215 4243 1354 4310 originem
1371 4241 1470 4308 proba-

345 4327 441 4382 biliter
465 4325 640 4391 explanaret,
668 4329 812 4394 nequeat,
839 4329 887 4394 qui
905 4328 1060 4382 novissime
1078 4327 1112 4382 de
1131 4341 1164 4382 eo
1184 4329 1250 4395 egit,
1278 4325 1468 4392 Mindodskio

346 4411 453 4465 Archiv
470 4410 488 4462 f.
508 4409 555 4463 lat.
574 4411 723 4477 Lexicogr.
743 4413 791 4465 Vll
809 4413 905 4479 (1890),
925 4427 950 4480 p.
971 4414 1028 4468 132.
