3230 5282
700 467 742 530 79

617 557 822 566 ——--—

156 665 269 731 aetatis
301 666 465 747 scriptores
496 666 645 734 iambicos
677 669 871 734 tractandam
902 687 968 736 esse
998 669 1061 734 iam
1093 669 1281 751 supradixi,

155 785 190 863 2)
214 804 319 850 uersus
343 787 397 850 aut
419 787 556 868 corrupti
578 788 633 851 aut
655 788 687 851 in
713 789 800 854 libris
824 809 917 854 manu
945 790 1069 873 scriptis
1101 791 1183 856 varie
1214 791 1280 854 tra·

156 903 214 967 diti
235 903 330 968 latius
353 923 389 968 ac
411 905 511 970 fusius
534 905 747 972 considerandi
762 908 843 986 suut,
871 908 904 990 3)
928 927 956 972 a.
974 907 1066 986 1884,
1090 927 1149 990 quo
1165 909 1281 994 Engel·
1384 904 1387 910 ’

155 1022 277 1088 brechti
299 1022 467 1106 disputatio
491 1025 575 1090 edita
597 1027 654 1106 est,
689 1026 818 1092 dimidia
848 1028 972 1092 tantum
1003 1048 1074 1112 pars
1105 1029 1280 1095 fabularum

155 1141 372 1210 Plautinarum
405 1146 634 1211 commentariis
667 1147 782 1212 criticis
814 1148 966 1213 instructa
997 1149 1162 1230 prodierat,
1200 1167 1281 1214 nune

154 1264 187 1327 ct
217 1281 323 1328 omnes
355 1265 467 1348 viginti
499 1285 516 1330 a
548 1265 768 1332 Ritschelianis
802 1268 866 1332 illis
889 1268 990 1334 editae
1013 1270 1045 1334 et
1066 1268 1281 1352 fragmentaa

156 1380 297 1447 Wintero
320 1383 505 1467 Goetzioque
529 1385 659 1450 collecta
682 1388 763 1466 sunt,
792 1387 824 1470 4)
848 1387 979 1470 denique
1002 1407 1079 1470 quae
1095 1387 1281 1471 gravissima

155 1500 231 1564 mihi
262 1501 322 1565 fuit
355 1521 456 1580 causa,
495 1503 530 1566 ut
566 1522 633 1568 rem
669 1506 879 1583 retractarem,
919 1505 1166 1589 Engelbrechtus
1204 1505 1281 1569 duo

154 1623 382 1687 formarum
421 1624 595 1688 ordines
633 1645 692 1690 non
726 1625 875 1704 distinxit,
908 1645 984 1708 quos
1016 1627 1180 1692 seiunctim
1211 1645 1281 1707 per·

154 1743 332 1808 lustrandos
357 1763 424 1810 esse
448 1745 617 1809 contendo:

258 1863 271 1924 1
304 1881 366 1942 eas,
405 1882 534 1946 quarum
566 1864 707 1928 clausula
738 1865 843 1930 iambo
874 1865 924 1930 vel
955 1865 1067 1931 cretico
1099 1867 1280 1949 respondet:

153 1983 293 2048 futurum
317 1985 467 2063 eructum,
491 1985 695 2051 indicativum
719 1986 1025 2069 plusquamperfecti,
1050 1987 1280 2052 coniunctivum

40 2129 44 2135 ¹
153 2103 282 2184 perfecti
315 2116 510 2181 „amavero“,
552 2105 779 2184 „amaveram‘t
814 2107 1019 2182 „amaverim“
1054 2110 1110 2186 (=
1134 2133 1151 2157 υ
1167 2142 1185 2150 -
1202 2133 1219 2156 υ
1236 2109 1279 2188 -J,

154 2223 264 2304 quibus
297 2223 493 2308 adiungenda
525 2225 572 2290 est
595 2225 694 2290 forma
716 2227 736 2288 3
759 2244 906 2309 personae
928 2226 1059 2308 pluralis
1083 2227 1210 2309 perfecti
1232 2228 1280 2290 in·

154 2343 292 2421 dicativi,
329 2363 406 2426 quae
444 2363 534 2426 saepe
573 2345 650 2410 banc
685 2345 813 2428 praebet
843 2365 1020 2411 mensuram
1057 2347 1279 2426 ,amaverunt‘

256 2584 289 2648 II
312 2603 372 2661 eas,
407 2586 539 2666 quaein
562 2585 740 2650 trochaeum
764 2585 972 2668 spondeumve
996 2586 1126 2651 cadunt:
1166 2586 1186 2650 2
1208 2605 1279 2668 per-

154 2722 261 2769 soncm
284 2703 413 2786 perfecti
434 2703 605 2783 indicativi,
638 2706 868 2771 coniunctivum
896 2705 1201 2788 plusquamperfecti,
1233 2707 1281 2769 in·

152 2823 309 2890 finitivum
336 2825 465 2906 perlecti
493 2825 734 2910 ,amavisti(s)“,
767 2826 1023 2908 „amavisse[ml“
1056 2825 1111 2909 (=
1134 2852 1152 2876 υ
1168 2861 1186 2867 -
1202 2859 1220 2868 -
1236 2831 1280 2904 Β).

256 2944 339 3024 Quos
370 2945 542 3012 formarum
573 2946 694 3011 ordines
726 2965 762 3010 ea
794 2946 832 3011 de
860 2965 952 3012 causa
975 2945 1191 3012 discernendos
1213 2965 1280 3010 esse

153 3067 238 3147 puto,
271 3065 351 3150 quod
383 3085 528 3132 versuum
560 3068 717 3133 structura
749 3068 892 3133 effectum
915 3069 972 3146 cst,
1004 3068 1039 3132 ut
1061 3085 1187 3149 prorsus
1210 3066 1280 3131 aliis

152 3185 324 3250 rationibus
363 3185 583 3258 adhiberentur
620 3187 737 3253 formae
775 3191 884 3270 plenae
922 3188 1133 3253 contractaeve
1165 3185 1280 3250 ordinis

153 3324 245 3387 quem
278 3306 374 3371 statui
405 3307 516 3387 prioris
548 3308 639 3389 atquo
671 3307 810 3373 alterius,
855 3307 944 3388 Quod
976 3307 1141 3372 discrimen
1162 3305 1280 3391 linger-

152 3427 297 3494 brechtus
320 3445 391 3494 cum
414 3428 610 3510 neglexisset,
632 3447 739 3494 verum
762 3428 909 3513 indagare
932 3448 993 3494 non
1015 3429 1117 3510 potuit
1134 3426 1170 3511 ¹).

256 3549 428 3614 Conradtus
451 3549 533 3614 enirn
555 3549 577 3614 l.
600 3569 625 3615 s.
650 3550 671 3615 l.
704 3549 783 3614 hanc
814 3551 916 3632 legem
947 3552 1076 3617 statuit:
1114 3549 1172 3630 „Iu
1204 3549 1280 3614 den·

148 3669 275 3754 jenigcn
304 3669 446 3753 Formen,
477 3670 526 3734 die
556 3689 615 3736 von
639 3670 801 3735 Perfectcu
824 3669 879 3734 auf
898 3671 974 3749 -avi,
999 3671 1073 3744 -cvi,
1097 3670 1165 3736 -cvi
1187 3669 1280 3752 abga-

151 3791 242 3856 leitct
265 3791 334 3855 sind
365 3793 429 3856 und
450 3793 483 3858 in
506 3793 605 3859 denen
637 3793 686 3858 die
718 3793 910 3877 angehaugte
942 3793 1077 3878 lindung
1107 3793 1182 3858 mit
1214 3813 1280 3859 -er

257 4071 283 4134 1)
311 4069 427 4124 Minoris
454 4069 528 4124 facio
553 4085 673 4133 errores,
701 4084 772 4136 quos
790 4069 1014 4136 Engelbrcchtus
1033 4070 1063 4122 in
1081 4069 1200 4136 singulis
1218 4083 1280 4124 ver-

153 4157 231 4210 sibus
259 4157 410 4220 commisit,
437 4155 516 4210 velut
543 4157 629 4210 falsas
656 4155 793 4209 indicavit
812 4156 941 4210 codicum
959 4156 1114 4221 scripturas
1132 4155 1168 4208 ad
1185 4155 1236 4209 Pla
1256 4155 1280 4208 ti

152 4254 199 4293 vv.
218 4241 297 4308 Amp.
316 4242 374 4306 272,
393 4242 441 4296 As.
461 4241 502 4297 79.
522 4241 580 4306 727,
600 4241 665 4295 'Pru
684 4241 742 4303 957,
760 4241 824 4294 Aul.
837 4241 896 4302 266,
916 4239 980 4293 bru.
993 4239 1045 4295 575
1057 4239 1109 4302 al.;
1127 4241 1279 4293 nonnullos

153 4326 249 4378 autem
266 4341 367 4381 versus
386 4329 483 4383 onrisit
500 4329 580 4383 velut
598 4328 684 4384 Poen.
704 4327 779 4392 1044,
797 4327 852 4381 Mil.
872 4326 932 4390 922,
957 4326 988 4380 R.
1008 4325 1093 4386 9563,
1120 4322 1200 4390 Amp·
1219 4325 1279 4387 468,

152 4409 184 4461 R.
203 4409 263 4472 591,
290 4410 345 4464 Mil.
365 4414 440 4477 1313,
468 4413 515 4482 Op.
533 4416 592 4470 306.
