3230 5282
895 492 939 558 78

815 585 1019 594 ——a—

352 720 410 785 que
441 721 579 768 seorsum
609 700 738 766 tractari
768 699 907 782 possunt,
946 700 1052 780 utpote
1084 717 1214 781 qnorum
1237 719 1383 767 numerus
1407 721 1475 783 pcr-

352 843 464 906 parvus
495 823 545 888 sit
599 821 666 906 Ego
696 839 767 885 oum
798 820 875 884 mihi
907 819 1098 900 provinciam
1134 819 1382 886 Plautinum
1413 821 1473 886 elo-

263 963 265 976 ·
351 943 476 1026 gissem,
516 959 622 1006 omnes
659 939 776 1022 poetas,
814 939 866 1022 qui
898 939 1018 1004 iambos
1051 939 1251 1005 trochaeosve
1289 940 1424 1007 lecerunt
1442 941 1473 1019 ¹),

351 1081 447 1144 usque
471 1059 510 1126 ad
532 1059 680 1126 Senecam
702 1059 856 1142 tragicum
873 1057 898 1141 ²)
930 1057 995 1142 legi
1026 1062 1058 1123 et
1088 1077 1193 1124 omnes
1217 1058 1331 1124 formas
1354 1079 1474 1126 coacer-

351 1181 432 1260 vavi,
469 1199 548 1262 quae
585 1198 604 1244 a
640 1179 823 1262 perlectis
814 1197 845 1242 ιιι
878 1179 952 1258 -evi,
985 1179 1060 1258 ·ovi‚
1093 1179 1170 1257 -avi,
1204 1178 1262 1244 -iui
1295 1181 1473 1244 exeuntibus

352 1301 508 1367 derivatae
531 1305 611 1380 sunt,
635 1318 696 1365 uno
718 1299 831 1365 oisso
854 1299 947 1364 verbo
970 1299 1073 1364 eundi.
1119 1298 1209 1380 Quod
1224 1299 1352 1366 verbum
1370 1300 1474 1364 multis

229 1408 234 1416 ’
352 1423 524 1487 commotus
547 1421 648 1486 causis
672 1441 709 1486 ex
730 1421 902 1500 ceterorum
933 1421 1056 1503 agmine
1088 1421 1213 1498 exclusi
1250 1439 1320 1485 nam
1343 1422 1474 1502 primum

352 1544 577 1628 quinquaginta
600 1543 672 1608 ente
695 1559 789 1607 annos
811 1540 1123 1606 Fleckeisenus
1141 1539 1168 1623 3)
1202 1539 1239 1604 de
1271 1540 1363 1606 huius
1391 1542 1474 1605 verbi

352 1663 459 1729 formis
482 1663 637 1728 Plautinis
660 1664 733 1747 egit,
768 1661 877 1727 deinde
909 1660 1136 1743 amplissimam
1161 1659 1240 1724 illnd
1263 1660 1366 1742 ipsum
1388 1679 1476 1743 pnoe-

354 1785 420 1850 bnit
441 1785 649 1867 exemplorum
672 1784 801 1864 copiam,
833 1782 963 1864 donique
988 1781 1198 1846 dubitationes
1221 1783 1371 1864 quasdam
1393 1781 1474 1846 diffi-

352 1905 485 1970 cillimas
522 1905 628 1983 movit,
666 1923 742 1987 quas
779 1903 916 1969 nondum
948 1902 1101 1985 explicare
1134 1921 1239 1967 omnes
1270 1887 1348 1971 mihi
1378 1902 1474 1967 licuit.

352 2025 469 2090 Tamen
507 2043 596 2106 spero
634 2023 929 2105 disputatiunculam
969 2041 1072 2088 meam
1110 2022 1231 2086 nullum
1269 2023 1383 2087 omisso
1418 2021 1476 2084 hoc

352 2145 444 2210 verbo
481 2143 697 2210 detrimentum
736 2147 905 2224 capturam,
943 2143 1089 2224 quoniam
1121 2161 1176 2208 sua
1207 2161 1330 2224 semper
1360 2141 1475 2206 rationo

353 2263 446 2329 eundi
468 2265 595 2329 verbum
619 2264 786 2328 formatum
809 2262 861 2327 sit.
1217 2261 1221 2274 '

340 2393 343 2402 “
456 2384 582 2449 Praeter
617 2383 849 2448 Fleckeisenum
884 2366 989 2448 antem
1022 2381 1263 2447 Conradtus
1281 2379 1308 2465 3)
1341 2400 1369 2444 a.
1395 2379 1477 2443 1878

352 2523 404 2572 eas
426 2505 541 2571 formas
562 2505 718 2584 tractarit,
743 2523 821 2587 quae
844 2503 883 2568 ab
903 2511 975 2582 ‚,er“
1001 2502 1184 2584 incipientes
1202 2500 1283 2583 apud
1299 2499 1474 2566 Terentium

352 2625 465 2704 extant,
489 2625 650 2710 legemque
674 2624 794 2700 statuit,
829 2643 923 2707 quam
954 2624 1035 2690 infra
1057 2623 1192 2690 afferam.
1237 2623 1318 2687 Tum
1342 2639 1370 2686 a.
1395 2619 1475 2684 1884

352 2743 746 2827 Engelbrechtus⁵l
792 2763 898 2808 omnes
937 2743 1051 2808 formas
1089 2742 1234 2826 collegit,
1280 2761 1356 2824 quas
1394 2740 1475 2824 apud

352 2863 501 2928 Plautum
533 2863 771 2944 Tarentinumque
808 2863 978 2940 invenerat,
1017 2864 1071 2928 sed
1103 2865 1248 2946 equidem
1279 2863 1373 2928 etiam
1407 2862 1478 2944 post

353 2985 418 3050 eins
451 2984 741 3050 commentationem
773 2983 872 3049 denuo
903 3003 1008 3049 omnes
1036 2985 1150 3050 formas
1174 2985 1307 3067 proferre
1331 2983 1476 3048 constitui

353 3106 401 3170 his
417 3105 454 3170 de
470 3105 589 3169 causis:
621 3107 653 3186 l)
677 3105 755 3168 hunc
778 3123 842 3169 rem
866 3105 1066 3170 contexte
1089 3103 1172 3186 apud
1194 3123 1335 3170 omnes
1358 3105 1476 3186 priscae

457 3414 482 3478 1)
510 3413 616 3466 Eodem
635 3415 765 3480 tempore
783 3414 817 3477 (a.
837 3414 913 3480 1890)
933 3414 1104 3468 Scheillerus
1123 3413 1207 3467 Birtii
1226 3413 1359 3481 auspiciis
1377 3413 1475 3480 poetas

354 3497 589 3566 dactylicos
616 3499 806 3564 perlustravit.

455 3584 483 3646 2)
511 3583 585 3638 Saue
604 3598 661 3638 non
680 3584 762 3638 omisi
780 3586 879 3640 titulos
897 3586 1035 3640 iambicos
1054 3587 1083 3639 et
1101 3585 1270 3646 trochaicus,
1300 3585 1389 3638 testes
1406 3585 1477 3638 inte·

352 3672 501 3738 gemimos,
520 3685 537 3724 a
553 3669 726 3724 Buechelero
746 3672 897 3727 collectos:
919 3671 1110 3740 „Anthologia
1127 3671 1223 3736 latina,
1241 3686 1266 3740 p.
1286 3671 1327 3724 11:
1352 3669 1478 3724 carmina

353 3757 535 3824 epigraphiea
553 3757 620 3811 fasc.
639 3759 658 3822 l,
677 3757 788 3824 Lipsiae
807 3758 899 3812 18953.

455 3843 483 3909 3)
512 3841 597 3897 Cuius
616 3845 748 3912 egregiae
767 3844 925 3899 studiorum
943 3845 1086 3912 primitiae
1104 3846 1257 3914 inscriptae
1275 3846 1342 3899 sunt
1374 3845 1478 3908 „Exer-

353 3929 502 3983 citationes
531 3930 687 3994 Plautinae,
718 3929 872 3997 Gottingae
902 3931 994 3985 1842“.
1045 3931 1123 3996 Quae
1151 3933 1200 3985 ille
1229 3932 1347 3996 invenit,
1378 3944 1478 3985 eorum

352 4027 463 4068 summa
481 4014 565 4070 etiem
583 4029 659 4070 nuno
677 4015 840 4082 pleramque
857 4017 967 4083 partem
987 4017 1107 4082 constet,
1125 4018 1177 4072 sed
1195 4017 1328 4084 quoniam
1346 4016 1394 4070 illo
1408 4017 1478 4069 tem·

352 4114 420 4168 pore
438 4101 570 4156 editionis
589 4102 705 4156 criticae
729 4101 792 4152 οὐδὲ
810 4105 861 4169 γρῦ
879 4105 947 4165 eret,
975 4103 1155 4158 retractanda
1183 4104 1250 4157 sunt
1272 4103 1374 4166 omnia,
1402 4101 1480 4168 quod

352 4201 369 4241 a
393 4201 440 4242 me
466 4187 529 4254 ipso
557 4202 627 4242 mox
653 4188 759 4242 iactum
786 4188 821 4240 iri
849 4203 941 4256 spero,
970 4204 1036 4244 nam
1063 4205 1135 4258 quae
1153 4191 1211 4245 Leo
1230 4205 1254 4244 a.
1274 4189 1341 4244 1883
1358 4190 1388 4242 in
1406 4187 1478 4242 Mus.

351 4271 438 4329 Rhen.
457 4288 483 4341 p.
502 4275 536 4328 22
554 4288 595 4340 sq.
615 4273 706 4328 obiter
725 4275 759 4328 de
777 4275 857 4328 verbi
875 4276 960 4330 eundi
977 4276 1076 4332 formis
1096 4277 1177 4341 dixit,
1205 4291 1263 4331 non
1290 4274 1480 4330 satisfaciunt.

453 4359 483 4426 4)
509 4359 602 4413 Herm.
621 4373 648 4414 v.
666 4359 701 4424 X,
723 4374 748 4427 p.
767 4360 911 4417 104-106.

453 4445 481 4510 5)
509 4444 587 4498 Stud.
607 4445 815 4501 Vindoloonens¹
835 4461 861 4502 v.
880 4447 926 4513 Vl,
947 4463 972 4515 p.
991 4449 1136 4505 219—245.
