3186 5282
893 588 936 654 76

354 790 508 876 cogendis,
540 809 638 874 neque
668 791 792 874 plenam
814 790 977 855 materiem
999 790 1161 874 proposuit
1183 808 1279 873 neque
1301 791 1455 874 temporum

350 911 529 978 discrimina
561 910 638 976 satis
668 912 809 994 respexit.
855 909 916 992 Qui
942 929 1023 976 nunc
1045 909 1159 976 librum
1182 909 1357 976 Neuianum
1377 911 1455 978 odan-

349 1032 423 1097 dnm
458 1033 546 1097 curat
577 1029 769 1114 Wagenerus
802 1047 856 1114 pro
887 1049 944 1096 sna
975 1030 1114 1095 doctrina
1145 1031 1176 1094 et
1207 1029 1366 1115 diligentia
1394 1034 1456 1116 quin
1539 1013 1540 1088 i

349 1153 449 1218 totam
480 1151 601 1233 copiam
632 1169 702 1217 mex
733 1152 884 1233 proponat
914 1150 1111 1233 omniumque
1143 1150 1329 1216 desiderium
1353 1152 1459 1236 expleat
1539 1151 1540 1228 t

350 1272 479 1338 dubium
502 1291 562 1338 non
592 1274 649 1338 est.
694 1271 779 1352 Quae
810 1273 876 1356 ipse
907 1273 970 1338 iarn
1001 1272 1113 1338 abhinc
1144 1292 1195 1337 sex
1226 1293 1321 1340 annos
1353 1274 1459 1357 collegi,

349 1392 398 1458 illi
429 1411 510 1458 nnnc
545 1392 715 1457 traditurus
740 1411 828 1474 spero
851 1413 900 1458 me
924 1393 964 1458 ad
987 1393 1161 1459 aedilicium
1184 1395 1399 1478 grammaticae
1417 1397 1460 1460 la·

350 1512 445 1592 tinae,
475 1513 556 1598 quod
579 1533 597 1580 a
618 1513 665 1579 tot
687 1513 843 1598 tantisque
866 1513 940 1580 uiris
964 1516 1140 1595 exstruitur,
1174 1515 1292 1600 aliquid
1315 1535 1367 1600 pro
1388 1517 1462 1582 virili
1539 1533 1540 1540 ¹

353 1634 441 1717 parte
464 1633 658 1700 collaturum.
1431 1689 1441 1702 ,

455 1752 532 1818 Cum
563 1753 670 1819 Plauti
702 1772 793 1820 usum
824 1754 952 1838 perlecti
984 1771 1165 1838 cognoscere
1189 1755 1354 1834 studerem,
1386 1755 1465 1821 brevi

350 1871 490 1938 intellexi
521 1891 644 1938 neeesse
680 1892 746 1938 esse
781 1892 851 1938 enm
874 1892 945 1938 cnm
968 1873 1038 1938 aliis
1062 1873 1262 1957 scriptoribus
1287 1893 1466 1956 comparare.

350 1989 459 2074 Neque
490 1993 639 2076 putabam
670 1969 792 2058 unicam
823 2013 855 2060 se
893 1996 1039 2077 praebere
1077 1994 1337 2077 comparationem
1368 1995 1468 2060 Plauti
1539 2031 1540 2078 p

351 2135 420 2182 cum
445 2115 554 2180 ceteris
578 2112 720 2178 omnibus
743 2113 946 2196 scriptoribus
969 2117 1149 2198 priscis,
1183 2115 1339 2198 praestare
1370 2116 1470 2180 censui

351 2255 423 2302 eum
446 2253 517 2302 cum
540 2235 609 2302 aliis
632 2235 773 2316 poetis
800 2235 1003 2300 iambicis
1036 2237 1207 2317 comparari
1229 2237 1261 2302 et
1283 2255 1372 2302 usum
1394 2235 1472 2300 iarn·

350 2356 492 2422 bicorum
522 2373 619 2438 usque
650 2353 688 2419 ad
721 2353 813 2420 finem
846 2373 870 2418 s.
904 2355 918 2418 l
950 2375 979 2437 p.
1012 2354 1082 2420 Chr.
1116 2374 1145 2420 n.
1178 2355 1328 2438 componi.
1374 2353 1472 2420 Nemo
1539 2355 1540 2428 ἴ

351 2476 450 2542 nescit
471 2475 620 2560 quantum
642 2475 673 2540 in
705 2474 878 2559 graecis
901 2474 1013 2540 litteris
1036 2473 1075 2540 ad
1097 2473 1196 2540 totam
1219 2475 1363 2541 orationis
1386 2477 1475 2544 indo·
1539 2561 1540 2568 ἵ

349 2596 411 2664 lem
444 2597 578 2662 metrum
609 2597 760 2663 valuerit:
798 2597 860 2664 alia
891 2613 1015 2677 prorsus
1038 2595 1144 2677 lingue
1166 2597 1223 2675 uti,
1261 2598 1314 2679 qui
1336 2596 1478 2681 dactylos
1539 2595 1540 2622 l

352 2707 547 2798 componant,
578 2714 727 2794 videmus,
769 2715 832 2780 alie
863 2715 916 2798 qui
946 2714 1064 2780 iambos
1096 2714 1303 2781 trochaeosre.
1358 2715 1478 2796 Quem·
1539 2699 1540 2710 ¹

351 2852 444 2917 quam
481 2833 513 2898 in
550 2833 665 2899 litteris
702 2834 837 2898 romanis
876 2831 1078 2898 dialectomm
1121 2835 1298 2900 italicarum
1342 2837 1481 2919 vestigia
1539 2925 1540 2930 Ἰ

351 2954 574 3036 captamus
606 2951 668 3018 iere
694 2952 789 3033 nulla,
822 2970 1007 3038 quamquam
1031 2955 1062 3020 et
1083 2953 1220 3022 Naeuius
1244 2954 1422 3038 Campanus
1450 2959 1485 3020 et
1539 2971 1540 2978 ¹

351 3074 469 3138 Ennius
486 3072 616 3137 Calaber
637 3073 669 3138 et
691 3073 822 3139 Plautus
840 3073 955 3140 Umber
977 3074 1086 3142 eadem
1108 3094 1213 3142 ornnes
1236 3077 1366 3142 utuntur
1389 3075 1485 3139 lin-

351 3195 432 3276 guat
466 3192 684 3272 Romanorum,
724 3195 777 3276 qui
813 3193 884 3260 illas
918 3195 1025 3278 gentes
1059 3196 1244 3280 subegerint,
1283 3197 1426 3262 attamen
1463 3197 1487 3260 ii
1539 3167 1540 3172 Ἰ

351 3314 437 3380 varia
460 3312 665 3380 adhibuerunt
695 3315 828 3380 metra
858 3315 890 3380 et
920 3317 989 3398 quis
1021 3317 1147 3399 negabit
1177 3318 1311 3382 metrum
1344 3317 1492 3382 orationi

352 3435 476 3502 vincula
497 3436 655 3518 imponere
683 3454 776 3520 quam
805 3435 999 3520 gravissima,
1032 3436 1213 3518 praesertim
1245 3455 1305 3519 quo
1336 3435 1493 3518 tempore
1539 3467 1540 3476 ,

351 3553 538 3620 incunabula
569 3555 631 3620 sint
661 3555 846 3620 litterarum.
900 3554 1051 3620 Omnibus
1089 3556 1196 3621 notum
1230 3556 1285 3634 ost,
1324 3555 1496 3638 quantum

353 3677 470 3740 llnnius
493 3676 632 3760 linguam
661 3676 792 3742 latinam
824 3675 1070 3756 commutaverit,
1104 3695 1174 3742 cum
1205 3693 1274 3742 eam
1305 3675 1501 3744 hexametri

351 3797 473 3881 legibus
496 3796 741 3864 accommodaret
757 3795 793 3880 ¹).
839 3796 953 3876 liniis,
986 3797 1039 3878 qui
1062 3797 1099 3862 de
1122 3816 1159 3862 ea
1181 3816 1214 3862 re
1238 3797 1378 3882 egerunt,
1414 3797 1502 3862 lau-

357 3989 612 3998 ...ὴ-,α-

455 4112 482 4176 1)
509 4111 630 4164 Ennium
657 4110 783 4176 linguam
810 4107 925 4161 latinam
950 4107 1030 4174 quasi
1048 4120 1166 4160 necesse
1183 4105 1418 4161 Romanensium
1445 4109 1510 4163 lin-

351 4212 471 4265 guarum
499 4197 582 4263 periti
610 4195 714 4250 dicunt.
750 4194 781 4248 si
806 4194 913 4248 llnnius
940 4206 997 4246 non
1023 4193 1200 4257 hexametro,
1228 4193 1279 4246 sed
1305 4192 1364 4246 alio
1389 4196 1510 4248 metro

352 4285 478 4352 quolibet
496 4282 611 4336 annales
630 4281 843 4347 composuisset,
871 4281 950 4334 velut
968 4281 1104 4343 saturnio,
1131 4280 1228 4334 multis
1255 4279 1284 4332 in
1311 4278 1405 4332 rebus
1442 4281 1517 4334 alla

353 4373 429 4424 esset
448 4370 545 4436 lingua
563 4367 706 4422 Ciceronis
725 4381 758 4422 ac
776 4381 848 4435 quae
865 4382 941 4421 nunc
960 4369 1048 4420 extat.
1085 4367 1212 4420 Revera
1235 4365 1343 4418 Ennius
1374 4364 1517 4419 violen-

351 4457 481 4510 tissimus
517 4457 655 4522 tyrannus
691 4455 850 4508 libertatem
889 4453 1002 4521 linguae
1038 4455 1142 4521 eripuit
1170 4453 1335 4518 severisque
1368 4451 1521 4518 legibus

351 4541 513 4596 destrinxit.
