3186 5282
876 475 919 539 50

326 681 418 761 uisse,
449 701 474 746 e.
499 697 530 761 g.
561 681 741 764 plerumque
772 681 805 746 in
838 701 873 747 eo
906 681 1047 746 extitisse
1091 680 1365 763 ,optumus“,
1397 678 1459 742 lero

326 801 440 884 ubique
473 801 740 878 „minimus“.
796 800 940 867 Ceterum
977 803 1058 866 inter
1095 801 1231 866 Terentii
1269 799 1456 865 Bembinum

326 924 358 988 et
387 922 628 988 Ambrosianum
659 921 767 988 Plauti
798 923 929 987 nimium
960 923 1111 1005 qnantum
1142 922 1282 999 interest,
1320 941 1391 986 nam
1423 922 1454 986 in

325 1043 384 1108 hoc
415 1043 538 1126 saepius
570 1049 631 1123 „u“
666 1044 811 1121 occurrit,
843 1063 935 1127 quarn
967 1043 998 1108 in
1023 1043 1134 1108 ceteris
1157 1043 1267 1108 Plauti
1289 1042 1456 1122 codicibus,

327 1181 397 1228 cum
420 1162 452 1227 in
474 1162 638 1252 Bembiuo,
671 1162 723 1244 qui
746 1162 854 1228 eodem
877 1163 938 1228 lere
962 1163 1086 1229 saeculo
1109 1181 1169 1245 qno
1193 1162 1299 1227 Plauti
1322 1163 1457 1227 Ambro-

326 1281 431 1346 sianus
464 1280 598 1364 scriptus
630 1284 686 1362 cst,
721 1281 941 1366 orthographia
971 1281 1192 1365 pessumdata
1216 1281 1455 1365 sitalihrario,

326 1420 418 1484 quem
449 1420 576 1484 operam
607 1401 739 1480 dedisse,
772 1404 806 1468 ut
837 1402 954 1468 formas
983 1402 1168 1468 recentiores
1199 1401 1334 1481 interret,
1368 1401 1458 1466 docet

326 1522 378 1600 ,1⁴⁴
403 1521 512 1587 littera
535 1521 636 1587 decies
668 1523 877 1605 superscripta
907 1523 1031 1588 litterae
1061 1523 1229 1605 pinguiori,
1264 1525 1357 1605 etque
1389 1523 1456 1588 ani·

326 1661 412 1706 mum
436 1643 501 1706 ciue
529 1661 717 1725 manumque
740 1643 857 1708 sensim
879 1642 1051 1726 delatigata
1073 1663 1140 1710 esse
1161 1643 1234 1710 inde
1257 1643 1456 1726 percipimus,

311 1751 407 1845 ‘quod
430 1762 463 1825 iu
487 1761 645 1842 Eunucho,
679 1781 757 1845 quae
784 1763 886 1844 prima
908 1763 956 1828 est
977 1763 1099 1848 integra
1120 1762 1227 1828 fabula
1248 1763 1281 1826 in
1303 1763 1455 1828 Bembina

201 1905 202 1912 ¹
263 1945 266 1950 ,
326 1881 456 1959 servata,
481 1882 595 1964 septies
621 1888 680 1960 ,u“
705 1882 737 1946 in
761 1883 812 1961 „i“
838 1881 960 1947 mutata
982 1884 1030 1947 est
1049 1882 1083 1965 ¹).

429 2001 501 2068 lam
542 2001 741 2068 excludamus
778 2002 1037 2086 superlativorum
1079 2002 1211 2082 ordines,
1257 2003 1309 2086 qui
1353 2003 1456 2067 minus

328 2123 422 2205 quina
444 2123 523 2187 (lena
544 2123 685 2205 exempla
708 2122 886 2187 continent:

383 2314 411 2378 r.
434 2313 569 2395 optimus
604 2312 671 2377 coe.
695 2313 724 2377 r
747 2311 789 2377 ee
812 2313 850 2398 (n
874 2336 881 2376 ι
904 2312 945 2378 er
971 2313 1037 2396 [uu
1070 2311 1148 2378 can.
1171 2331 1230 2378 rec.
1255 2311 1297 2376 ar
1319 2266 1402 2379 :ua

290 2503 293 2508 ,
378 2431 585 2499 2.maximus
654 2483 669 2514 ,
745 2432 1037 2513 52,:48„;
1106 2479 1120 2508 ,
1192 2484 1207 2510 „
1254 2431 1402 2497 47:53.

377 2555 407 2619 3.
433 2555 576 2621 issimus
652 2605 668 2632 „
745 2553 788 2616 94
823 2576 881 2631 „2
926 2553 1037 2635 6„;
1107 2605 1122 2631 „
1194 2603 1208 2634 ,
1255 2553 1402 2618 85:15.

378 2674 578 2741 4.minimus
659 2673 1037 2753 ,100„:o,;
1106 2725 1120 2752 „
1191 2674 1402 2750 ,100:0.

429 2897 514 2962 Duas
538 2897 675 2964 familias
698 2915 759 2963 uon
783 2898 884 2962 solnm
907 2899 1023 2962 inter
1053 2916 1094 2962 re
1126 2916 1293 2982 congruere
1316 2899 1454 2981 apparet,

327 3017 382 3082 sed
406 3018 501 3082 etiam
517 3018 622 3083 ordine
646 3018 907 3101 superlativorum
930 3036 999 3082 cum
1021 3016 1109 3083 libris
1133 3017 1357 3098 Plautinis
1381 3035 1455 3083 con-

327 3137 440 3202 sentire
458 3137 495 3216 ²).
549 3138 651 3221 Atque
688 3138 721 3201 in
758 3136 873 3201 tabulis
913 3155 1033 3220 quoque
1066 3138 1256 3220 plenioribus
1289 3157 1455 3204 consensus

327 3277 396 3325 curn
433 3257 547 3322 Plauto
584 3257 770 3342 perspicitur
786 3256 822 3340 8).
877 3255 955 3324 Cum
992 3257 1086 3324 codex
1121 3258 1346 3325 Ambrosianus
1383 3278 1455 3324 cum

327 3379 472 3461 Calliopii
509 3379 685 3443 recensione
723 3378 946 3461 comparandus
986 3379 1036 3457 sit,
1083 3398 1143 3444 non
1187 3398 1258 3445 eum
1302 3379 1455 3444 Bamhino

327 3500 458 3584 (quippe
490 3498 542 3580 qui
575 3497 709 3564 novandi
732 3498 870 3564 studium
892 3497 1054 3582 proferat),
1086 3499 1118 3564 in
1152 3500 1300 3583 rescripto
1333 3519 1455 3567 summa

326 3618 454 3685 rationis
478 3620 526 3684 cst
547 3619 590 3681 56
613 3617 649 3703 (“)
672 3641 680 3682 2
704 3617 745 3681 44
769 3620 827 3702 (u),
867 3619 899 3683 in
931 3619 1131 3700 Calliopiauis
1162 3617 1205 3682 63
1228 3621 1269 3704 (i)
1294 3641 1302 3684 ε
1326 3617 1368 3683 37
1392 3619 1454 3703 (u),

325 3739 359 3803 id
380 3737 461 3823 quod
485 3735 582 3804 aetati
604 3739 712 3806 Plauti
735 3739 766 3804 et
789 3738 926 3804 Terentii
948 3739 1011 3807 fere
1035 3740 1195 3806 convenire
1219 3740 1349 3805 videtur.

431 4045 456 4110 1)
483 4043 522 4098 Ol.
542 4045 604 4099 adn.
624 4047 639 4099 1
658 4046 688 4100 iu
705 4059 731 4114 p.
750 4046 792 4101 46.

429 4146 456 4214 2)
483 4145 521 4200 Of.
540 4161 565 4216 p.
578 4147 682 4216 hisp:
701 4147 823 4203 Plautus
842 4151 865 4204 1.
885 4149 1016 4218 optimus,
1035 4152 1059 4206 2.
1078 4151 1236 4218 proximus
1255 4151 1279 4204 3.
1298 4151 1455 4215 maximus,

325 4231 350 4284 4,
369 4231 503 4296 issimus,
520 4233 545 4286 5.
565 4233 714 4296 minimus;
746 4233 896 4289 Terentius
916 4237 939 4289 1.
959 4237 1090 4303 optimus,
1118 4237 1142 4290 2.
1161 4237 1313 4299 maximus,
1337 4236 1361 4291 3.
1380 4237 1455 4290 issi·
1569 4239 1570 4262 t

326 4329 398 4380 mus,
416 4317 440 4370 4.
459 4317 594 4372 minimus
612 4319 697 4386 (apud
717 4319 880 4374 Terentium
900 4321 1081 4388 ,proximus“
1102 4322 1178 4375 esset
1196 4322 1281 4375 tertio
1300 4321 1383 4387 loco).

429 4421 455 4487 3)
483 4421 522 4475 Of.
544 4435 569 4489 p.
589 4421 631 4476 42.
