<?xml version="1.0" encoding="UTF-8"?>
<!DOCTYPE html PUBLIC "-//W3C//DTD XHTML 1.0 Transitional//EN"
    "http://www.w3.org/TR/xhtml1/DTD/xhtml1-transitional.dtd">
<html xmlns="http://www.w3.org/1999/xhtml" xml:lang="en" lang="en">
 <head>
  <title>
</title>
<meta http-equiv="Content-Type" content="text/html;charset=utf-8" />
  <meta name='ocr-system' content='tesseract 3.04.00' />
  <meta name='ocr-capabilities' content='ocr_page ocr_carea ocr_par ocr_line ocrx_word'/>
</head>
<body>
  <div class='ocr_page' id='page_1' title='image "./quaestionumgram01brocgoog_0168.png"; bbox 0 0 3252 5274; ppageno 0'>
   <div class='ocr_carea' id='block_1_1' title="bbox 820 507 1025 608">
    <p class='ocr_par' dir='ltr' id='par_1_1' title="bbox 820 507 1025 608">
     <span class='ocr_line' id='line_1_1' title="bbox 820 507 1025 608; baseline 0 0"><span class='ocrx_word' id='word_1_1' title='bbox 820 507 1025 608; x_wconf 42' lang='grc' dir='ltr'>,Β</span> 
     </span>
    </p>
   </div>
   <div class='ocr_carea' id='block_1_2' title="bbox 357 712 1487 1998">
    <p class='ocr_par' dir='ltr' id='par_1_2' title="bbox 357 712 1487 1998">
     <span class='ocr_line' id='line_1_2' title="bbox 461 712 1487 798; baseline -0.005 -16"><span class='ocrx_word' id='word_1_2' title='bbox 461 717 596 782; x_wconf 81' lang='lat' dir='ltr'>Versum</span> <span class='ocrx_word' id='word_1_3' title='bbox 618 716 751 781; x_wconf 89' lang='lat' dir='ltr'>alterum</span> <span class='ocrx_word' id='word_1_4' title='bbox 775 733 854 794; x_wconf 88' lang='lat' dir='ltr'>eum,</span> <span class='ocrx_word' id='word_1_5' title='bbox 887 715 968 781; x_wconf 90' lang='lat' dir='ltr'>sieut</span> <span class='ocrx_word' id='word_1_6' title='bbox 996 715 1028 778; x_wconf 92' lang='lat' dir='ltr'>in</span> <span class='ocrx_word' id='word_1_7' title='bbox 1052 715 1141 781; x_wconf 89' lang='lat' dir='ltr'>libris</span> <span class='ocrx_word' id='word_1_8' title='bbox 1165 715 1259 793; x_wconf 81' lang='lat' dir='ltr'>extat,</span> <span class='ocrx_word' id='word_1_9' title='bbox 1291 712 1487 798; x_wconf 87' lang='lat' dir='ltr'>pronuntiari</span> 
     </span>
     <span class='ocr_line' id='line_1_3' title="bbox 359 832 1484 919; baseline -0.006 -16"><span class='ocrx_word' id='word_1_10' title='bbox 359 857 419 904; x_wconf 93' lang='lat' dir='ltr'>non</span> <span class='ocrx_word' id='word_1_11' title='bbox 451 836 551 919; x_wconf 82' lang='lat' dir='ltr'>possit</span> <span class='ocrx_word' id='word_1_12' title='bbox 581 855 703 918; x_wconf 88' lang='lat' dir='ltr'>unaque</span> <span class='ocrx_word' id='word_1_13' title='bbox 726 835 845 919; x_wconf 76' lang='lat' dir='ltr'><strong>syllaba</strong></span> <span class='ocrx_word' id='word_1_14' title='bbox 868 833 957 912; x_wconf 80' lang='lat' dir='ltr'>desit,</span> <span class='ocrx_word' id='word_1_15' title='bbox 990 833 1122 898; x_wconf 80' lang='lat' dir='ltr'><strong>editores</strong></span> <span class='ocrx_word' id='word_1_16' title='bbox 1155 851 1263 898; x_wconf 91' lang='lat' dir='ltr'>sanare</span> <span class='ocrx_word' id='word_1_17' title='bbox 1296 832 1484 898; x_wconf 89' lang='lat' dir='ltr'>studuerunt</span> 
     </span>
     <span class='ocr_line' id='line_1_4' title="bbox 359 952 1486 1038; baseline -0.004 -17"><span class='ocrx_word' id='word_1_18' title='bbox 359 957 545 1022; x_wconf 87' lang='lat' dir='ltr'>conicientes</span> <span class='ocrx_word' id='word_1_19' title='bbox 583 955 861 1038; x_wconf 78' lang='lat' dir='ltr'>„navigavissem“.</span> <span class='ocrx_word' id='word_1_20' title='bbox 915 953 1004 1034; x_wconf 82' lang='lat' dir='ltr'>Quod</span> <span class='ocrx_word' id='word_1_21' title='bbox 1042 955 1154 1019; x_wconf 84' lang='lat' dir='ltr'>falsum</span> <span class='ocrx_word' id='word_1_22' title='bbox 1191 973 1258 1019; x_wconf 89' lang='lat' dir='ltr'>esse</span> <span class='ocrx_word' id='word_1_23' title='bbox 1295 952 1437 1034; x_wconf 82' lang='lat' dir='ltr'>exempla</span> <span class='ocrx_word' id='word_1_24' title='bbox 1468 972 1486 1016; x_wconf 90' lang='lat' dir='ltr'>a</span> 
     </span>
     <span class='ocr_line' id='line_1_5' title="bbox 360 1073 1485 1156; baseline -0.004 -14"><span class='ocrx_word' id='word_1_25' title='bbox 360 1077 448 1142; x_wconf 87' lang='lat' dir='ltr'>nobis</span> <span class='ocrx_word' id='word_1_26' title='bbox 481 1075 612 1142; x_wconf 83' lang='lat' dir='ltr'>collecte</span> <span class='ocrx_word' id='word_1_27' title='bbox 642 1075 762 1152; x_wconf 79' lang='lat' dir='ltr'>docent,</span> <span class='ocrx_word' id='word_1_28' title='bbox 793 1091 866 1139; x_wconf 90' lang='lat' dir='ltr'>nam</span> <span class='ocrx_word' id='word_1_29' title='bbox 888 1074 960 1139; x_wconf 93' lang='lat' dir='ltr'>inde</span> <span class='ocrx_word' id='word_1_30' title='bbox 983 1075 1021 1139; x_wconf 84' lang='lat' dir='ltr'>ab</span> <span class='ocrx_word' id='word_1_31' title='bbox 1044 1075 1138 1138; x_wconf 84' lang='lat' dir='ltr'>Ennii</span> <span class='ocrx_word' id='word_1_32' title='bbox 1161 1073 1359 1156; x_wconf 83' lang='lat' dir='ltr'>Tarentiiqne</span> <span class='ocrx_word' id='word_1_33' title='bbox 1382 1073 1485 1137; x_wconf 86' lang='lat' dir='ltr'>aetate</span> 
     </span>
     <span class='ocr_line' id='line_1_6' title="bbox 359 1191 1485 1282; baseline -0.007 -18"><span class='ocrx_word' id='word_1_34' title='bbox 359 1200 465 1282; x_wconf 88' lang='lat' dir='ltr'>poetas</span> <span class='ocrx_word' id='word_1_35' title='bbox 501 1197 535 1261; x_wconf 93' lang='lat' dir='ltr'>in</span> <span class='ocrx_word' id='word_1_36' title='bbox 566 1195 678 1262; x_wconf 84' lang='lat' dir='ltr'><strong>iambis</strong></span> <span class='ocrx_word' id='word_1_37' title='bbox 716 1195 903 1261; x_wconf 85' lang='lat' dir='ltr'>coniunctini</span> <span class='ocrx_word' id='word_1_38' title='bbox 941 1193 1235 1277; x_wconf 83' lang='lat' dir='ltr'>plusquamperfeoti</span> <span class='ocrx_word' id='word_1_39' title='bbox 1273 1195 1304 1258; x_wconf 93' lang='lat' dir='ltr'>et</span> <span class='ocrx_word' id='word_1_40' title='bbox 1339 1191 1485 1256; x_wconf 88' lang='lat' dir='ltr'>infinitivi</span> 
     </span>
     <span class='ocr_line' id='line_1_7' title="bbox 357 1311 1483 1399; baseline -0.007 -16"><span class='ocrx_word' id='word_1_41' title='bbox 357 1317 486 1399; x_wconf 83' lang='lat' dir='ltr'>perfecti</span> <span class='ocrx_word' id='word_1_42' title='bbox 523 1316 638 1382; x_wconf 88' lang='lat' dir='ltr'>formas</span> <span class='ocrx_word' id='word_1_43' title='bbox 672 1334 793 1398; x_wconf 91' lang='lat' dir='ltr'>semper</span> <span class='ocrx_word' id='word_1_44' title='bbox 824 1315 1011 1380; x_wconf 80' lang='lat' dir='ltr'><strong>contraxisse</strong></span> <span class='ocrx_word' id='word_1_45' title='bbox 1042 1313 1185 1379; x_wconf 87' lang='lat' dir='ltr'>vidimus.</span> <span class='ocrx_word' id='word_1_46' title='bbox 1242 1311 1421 1378; x_wconf 75' lang='lat' dir='ltr'>Ciceronem</span> <span class='ocrx_word' id='word_1_47' title='bbox 1452 1312 1483 1376; x_wconf 94' lang='lat' dir='ltr'>in</span> 
     </span>
     <span class='ocr_line' id='line_1_8' title="bbox 358 1433 1483 1521; baseline -0.006 -17"><span class='ocrx_word' id='word_1_48' title='bbox 358 1438 495 1521; x_wconf 79' lang='lat' dir='ltr'>pedestri</span> <span class='ocrx_word' id='word_1_49' title='bbox 531 1437 668 1502; x_wconf 90' lang='lat' dir='ltr'>oratione</span> <span class='ocrx_word' id='word_1_50' title='bbox 706 1435 789 1500; x_wconf 91' lang='lat' dir='ltr'>haud</span> <span class='ocrx_word' id='word_1_51' title='bbox 825 1454 894 1500; x_wconf 91' lang='lat' dir='ltr'>raro</span> <span class='ocrx_word' id='word_1_52' title='bbox 931 1435 1030 1517; x_wconf 91' lang='lat' dir='ltr'>plenis</span> <span class='ocrx_word' id='word_1_53' title='bbox 1061 1433 1116 1501; x_wconf 85' lang='lat' dir='ltr'>inf.</span> <span class='ocrx_word' id='word_1_54' title='bbox 1147 1433 1224 1516; x_wconf 88' lang='lat' dir='ltr'>pert.</span> <span class='ocrx_word' id='word_1_55' title='bbox 1255 1433 1362 1498; x_wconf 82' lang='lat' dir='ltr'>formis</span> <span class='ocrx_word' id='word_1_56' title='bbox 1393 1453 1483 1498; x_wconf 92' lang='lat' dir='ltr'>usum</span> 
     </span>
     <span class='ocr_line' id='line_1_9' title="bbox 358 1551 1484 1641; baseline -0.005 -19"><span class='ocrx_word' id='word_1_57' title='bbox 358 1577 425 1622; x_wconf 90' lang='lat' dir='ltr'>esso</span> <span class='ocrx_word' id='word_1_58' title='bbox 442 1557 466 1641; x_wconf 89' lang='lat'>¹)</span> <span class='ocrx_word' id='word_1_59' title='bbox 498 1576 559 1624; x_wconf 90' lang='lat' dir='ltr'>non</span> <span class='ocrx_word' id='word_1_60' title='bbox 590 1556 725 1622; x_wconf 88' lang='lat' dir='ltr'>multum</span> <span class='ocrx_word' id='word_1_61' title='bbox 757 1556 795 1621; x_wconf 92' lang='lat' dir='ltr'>ad</span> <span class='ocrx_word' id='word_1_62' title='bbox 827 1555 982 1622; x_wconf 82' lang='lat' dir='ltr'>Ciceronis</span> <span class='ocrx_word' id='word_1_63' title='bbox 1008 1557 1117 1638; x_wconf 87' lang='lat' dir='ltr'>poetae</span> <span class='ocrx_word' id='word_1_64' title='bbox 1139 1553 1274 1620; x_wconf 89' lang='lat' dir='ltr'>rationes</span> <span class='ocrx_word' id='word_1_65' title='bbox 1297 1551 1484 1618; x_wconf 84' lang='lat' dir='ltr'>definiendas</span> 
     </span>
     <span class='ocr_line' id='line_1_10' title="bbox 358 1671 1482 1760; baseline -0.007 -18"><span class='ocrx_word' id='word_1_66' title='bbox 358 1677 450 1742; x_wconf 89' lang='lat' dir='ltr'>valet.</span> <span class='ocrx_word' id='word_1_67' title='bbox 497 1678 588 1755; x_wconf 84' lang='lat' dir='ltr'>Tum,</span> <span class='ocrx_word' id='word_1_68' title='bbox 612 1685 638 1742; x_wconf 84' lang='lat' dir='ltr'>si</span> <span class='ocrx_word' id='word_1_69' title='bbox 657 1676 813 1758; x_wconf 81' lang='lat' dir='ltr'>Euripidis</span> <span class='ocrx_word' id='word_1_70' title='bbox 836 1676 1044 1760; x_wconf 83' lang='lat' dir='ltr'>fragmentum</span> <span class='ocrx_word' id='word_1_71' title='bbox 1063 1695 1081 1740; x_wconf 91' lang='lat' dir='ltr'>a</span> <span class='ocrx_word' id='word_1_72' title='bbox 1104 1673 1222 1741; x_wconf 83' lang='lat' dir='ltr'>Caleno</span> <span class='ocrx_word' id='word_1_73' title='bbox 1242 1673 1303 1738; x_wconf 89' lang='lat' dir='ltr'>vol.</span> <span class='ocrx_word' id='word_1_74' title='bbox 1326 1671 1401 1755; x_wconf 89' lang='lat' dir='ltr'>Vp.</span> <span class='ocrx_word' id='word_1_75' title='bbox 1417 1671 1482 1736; x_wconf 84' lang='lat'>418</span> 
     </span>
     <span class='ocr_line' id='line_1_11' title="bbox 358 1793 1479 1880; baseline -0.006 -18"><span class='ocrx_word' id='word_1_76' title='bbox 358 1817 403 1879; x_wconf 90' lang='lat' dir='ltr'>sq.</span> <span class='ocrx_word' id='word_1_77' title='bbox 427 1797 467 1860; x_wconf 90' lang='lat' dir='ltr'>K.</span> <span class='ocrx_word' id='word_1_78' title='bbox 492 1798 647 1862; x_wconf 85' lang='lat' dir='ltr'>servatum</span> <span class='ocrx_word' id='word_1_79' title='bbox 671 1798 724 1880; x_wconf 87' lang='lat'>(=</span> <span class='ocrx_word' id='word_1_80' title='bbox 746 1796 880 1861; x_wconf 84' lang='lat' dir='ltr'>Naualii</span> <span class='ocrx_word' id='word_1_81' title='bbox 902 1796 1008 1878; x_wconf 85' lang='lat' dir='ltr'>lturip.</span> <span class='ocrx_word' id='word_1_82' title='bbox 1032 1796 1126 1878; x_wconf 83' lang='lat' dir='ltr'>frgm.</span> <span class='ocrx_word' id='word_1_83' title='bbox 1150 1794 1198 1860; x_wconf 91' lang='lat' dir='ltr'>ed.</span> <span class='ocrx_word' id='word_1_84' title='bbox 1221 1794 1254 1860; x_wconf 94' lang='grc' dir='ltr'>ΙΙ</span> <span class='ocrx_word' id='word_1_85' title='bbox 1276 1794 1360 1876; x_wconf 81' lang='lat' dir='ltr'>uips.</span> <span class='ocrx_word' id='word_1_86' title='bbox 1385 1793 1479 1870; x_wconf 87' lang='grc'>1885,</span> 
     </span>
     <span class='ocr_line' id='line_1_12' title="bbox 357 1913 1480 1998; baseline -0.003 -18"><span class='ocrx_word' id='word_1_87' title='bbox 357 1917 415 1998; x_wconf 76' lang='lat' dir='ltr'>ng.</span> <span class='ocrx_word' id='word_1_88' title='bbox 440 1913 527 1994; x_wconf 82' lang='lat'>818),</span> <span class='ocrx_word' id='word_1_89' title='bbox 559 1915 641 1998; x_wconf 92' lang='lat' dir='ltr'>quod</span> <span class='ocrx_word' id='word_1_90' title='bbox 662 1935 681 1980; x_wconf 91' lang='lat' dir='ltr'>a</span> <span class='ocrx_word' id='word_1_91' title='bbox 702 1914 847 1980; x_wconf 88' lang='lat' dir='ltr'>Cicerone</span> <span class='ocrx_word' id='word_1_92' title='bbox 877 1917 974 1981; x_wconf 91' lang='lat' dir='ltr'>latine</span> <span class='ocrx_word' id='word_1_93' title='bbox 996 1916 1152 1981; x_wconf 90' lang='lat' dir='ltr'>redditum</span> <span class='ocrx_word' id='word_1_94' title='bbox 1175 1917 1231 1994; x_wconf 87' lang='lat' dir='ltr'>est,</span> <span class='ocrx_word' id='word_1_95' title='bbox 1268 1915 1480 1980; x_wconf 83' lang='lat' dir='ltr'>conseramus:</span> 
     </span>
    </p>
   </div>
   <div class='ocr_carea' id='block_1_3' title="bbox 512 2086 1328 2292">
    <p class='ocr_par' dir='ltr' id='par_1_3' title="bbox 512 2086 1328 2292">
     <span class='ocr_line' id='line_1_13' title="bbox 512 2086 1225 2172; baseline 0.001 -22"><span class='ocrx_word' id='word_1_96' title='bbox 512 2088 539 2150; x_wconf 82' lang='grc' dir='ltr'>εἰ</span> <span class='ocrx_word' id='word_1_97' title='bbox 561 2089 617 2171; x_wconf 85' lang='grc' dir='ltr'>μὲν</span> <span class='ocrx_word' id='word_1_98' title='bbox 640 2086 703 2150; x_wconf 75' lang='grc' dir='ltr'>τόδ’</span> <span class='ocrx_word' id='word_1_99' title='bbox 724 2089 810 2172; x_wconf 73' lang='grc' dir='ltr'><strong>ἦμαρ</strong></span> <span class='ocrx_word' id='word_1_100' title='bbox 832 2097 954 2171; x_wconf 83' lang='grc' dir='ltr'><strong>πρῶτον</strong></span> <span class='ocrx_word' id='word_1_101' title='bbox 975 2090 1015 2172; x_wconf 76' lang='grc' dir='ltr'>ἡν</span> <span class='ocrx_word' id='word_1_102' title='bbox 1038 2087 1225 2172; x_wconf 79' lang='grc' dir='ltr'>κακουμένῳ</span> 
     </span>
     <span class='ocr_line' id='line_1_14' title="bbox 512 2207 1328 2292; baseline 0.002 -23"><span class='ocrx_word' id='word_1_103' title='bbox 512 2208 567 2269; x_wconf 79' lang='grc' dir='ltr'>καὶ</span> <span class='ocrx_word' id='word_1_104' title='bbox 590 2208 634 2292; x_wconf 72' lang='grc' dir='ltr'>μὴ</span> <span class='ocrx_word' id='word_1_105' title='bbox 658 2209 825 2291; x_wconf 82' lang='grc' dir='ltr'><strong>μακρὰν</strong></span> <span class='ocrx_word' id='word_1_106' title='bbox 847 2208 886 2292; x_wconf 79' lang='grc' dir='ltr'>δὴ</span> <span class='ocrx_word' id='word_1_107' title='bbox 911 2208 961 2270; x_wconf 82' lang='grc' dir='ltr'>διὰ</span> <span class='ocrx_word' id='word_1_108' title='bbox 982 2208 1084 2272; x_wconf 78' lang='grc' dir='ltr'>πόνων</span> <span class='ocrx_word' id='word_1_109' title='bbox 1107 2207 1328 2292; x_wconf 83' lang='grc' dir='ltr'>ἐναυστόλουν,</span> 
     </span>
    </p>
   </div>
   <div class='ocr_carea' id='block_1_4' title="bbox 357 2377 1483 2581">
    <p class='ocr_par' dir='ltr' id='par_1_4' title="bbox 357 2377 1483 2581">
     <span class='ocr_line' id='line_1_15' title="bbox 357 2377 1483 2463; baseline 0.002 -23"><span class='ocrx_word' id='word_1_110' title='bbox 357 2377 539 2442; x_wconf 87' lang='lat' dir='ltr'>mirabimur</span> <span class='ocrx_word' id='word_1_111' title='bbox 562 2377 741 2444; x_wconf 82' lang='lat' dir='ltr'>Ciceronem</span> <span class='ocrx_word' id='word_1_112' title='bbox 762 2379 848 2444; x_wconf 91' lang='lat' dir='ltr'>nullo</span> <span class='ocrx_word' id='word_1_113' title='bbox 870 2380 963 2444; x_wconf 89' lang='lat' dir='ltr'>verbo</span> <span class='ocrx_word' id='word_1_114' title='bbox 986 2380 1128 2444; x_wconf 91' lang='lat' dir='ltr'>laborum</span> <span class='ocrx_word' id='word_1_115' title='bbox 1159 2379 1483 2463; x_wconf 71' lang='lat' dir='ltr'>longitudinem</span> 
     </span>
     <span class='ocr_line' id='line_1_16' title="bbox 357 2497 1481 2581; baseline 0.001 -21"><span class='ocrx_word' id='word_1_116' title='bbox 357 2497 551 2577; x_wconf 82' lang='lat' dir='ltr'>expressisse,</span> <span class='ocrx_word' id='word_1_117' title='bbox 589 2516 661 2562; x_wconf 90' lang='lat' dir='ltr'>nam</span> <span class='ocrx_word' id='word_1_118' title='bbox 693 2497 751 2562; x_wconf 89' lang='lat' dir='ltr'>hoo</span> <span class='ocrx_word' id='word_1_119' title='bbox 781 2498 1000 2581; x_wconf 83' lang='lat' dir='ltr'>gravissimum</span> <span class='ocrx_word' id='word_1_120' title='bbox 1033 2500 1080 2563; x_wconf 90' lang='lat' dir='ltr'>est</span> <span class='ocrx_word' id='word_1_121' title='bbox 1110 2499 1265 2563; x_wconf 88' lang='lat' dir='ltr'>hominem</span> <span class='ocrx_word' id='word_1_122' title='bbox 1296 2497 1386 2562; x_wconf 92' lang='lat' dir='ltr'>illum</span> <span class='ocrx_word' id='word_1_123' title='bbox 1417 2497 1481 2562; x_wconf 87' lang='lat' dir='ltr'>iarn</span> 
     </span>
    </p>
   </div>
   <div class='ocr_carea' id='block_1_5' title="bbox 357 2615 1599 2701">
    <p class='ocr_par' dir='ltr' id='par_1_5' title="bbox 357 2615 1599 2701">
     <span class='ocr_line' id='line_1_17' title="bbox 357 2615 1599 2701; baseline 0.003 -23"><span class='ocrx_word' id='word_1_124' title='bbox 357 2615 427 2679; x_wconf 91' lang='lat' dir='ltr'>diu</span> <span class='ocrx_word' id='word_1_125' title='bbox 465 2617 628 2700; x_wconf 86' lang='lat' dir='ltr'>navigasse</span> <span class='ocrx_word' id='word_1_126' title='bbox 661 2617 714 2701; x_wconf 87' lang='lat' dir='ltr'>(cf.</span> <span class='ocrx_word' id='word_1_127' title='bbox 736 2619 806 2682; x_wconf 77' lang='lat' dir='ltr'>ul</span> <span class='ocrx_word' id='word_1_128' title='bbox 842 2619 1043 2701; x_wconf 82' lang='lat' dir='ltr'>„primum“).</span> <span class='ocrx_word' id='word_1_129' title='bbox 1096 2618 1240 2684; x_wconf 82' lang='lat' dir='ltr'>Fortasse</span> <span class='ocrx_word' id='word_1_130' title='bbox 1277 2618 1322 2682; x_wconf 90' lang='lat' dir='ltr'>sio</span> <span class='ocrx_word' id='word_1_131' title='bbox 1358 2637 1483 2682; x_wconf 88' lang='lat' dir='ltr'>versum</span> <span class='ocrx_word' id='word_1_132' title='bbox 1598 2669 1599 2682; x_wconf 67' lang='grc'>,</span> 
     </span>
    </p>
   </div>
   <div class='ocr_carea' id='block_1_6' title="bbox 356 2736 655 2819">
    <p class='ocr_par' dir='ltr' id='par_1_6' title="bbox 356 2736 655 2819">
     <span class='ocr_line' id='line_1_18' title="bbox 356 2736 655 2819; baseline 0.01 -20"><span class='ocrx_word' id='word_1_133' title='bbox 356 2736 655 2819; x_wconf 85' lang='lat' dir='ltr'>redintegrabimus:</span> 
     </span>
    </p>
   </div>
   <div class='ocr_carea' id='block_1_7' title="bbox 505 2891 1325 2975">
    <p class='ocr_par' dir='ltr' id='par_1_7' title="bbox 505 2891 1325 2975">
     <span class='ocr_line' id='line_1_19' title="bbox 505 2891 1325 2975; baseline 0.004 -21"><span class='ocrx_word' id='word_1_134' title='bbox 505 2910 562 2956; x_wconf 89' lang='lat' dir='ltr'>neo</span> <span class='ocrx_word' id='word_1_135' title='bbox 584 2892 651 2955; x_wconf 79' lang='lat' dir='ltr'>tam</span> <span class='ocrx_word' id='word_1_136' title='bbox 673 2891 726 2955; x_wconf 93' lang='lat' dir='ltr'>diu</span> <span class='ocrx_word' id='word_1_137' title='bbox 749 2892 1022 2975; x_wconf 82' lang='lat' dir='ltr'>navigassem</span> <span class='ocrx_word' id='word_1_138' title='bbox 1046 2896 1227 2960; x_wconf 83' lang='lat' dir='ltr'>aerumnoso</span> <span class='ocrx_word' id='word_1_139' title='bbox 1250 2893 1325 2958; x_wconf 91' lang='lat' dir='ltr'>salo.</span> 
     </span>
    </p>
   </div>
   <div class='ocr_carea' id='block_1_8' title="bbox 358 3061 1478 3146">
    <p class='ocr_par' dir='ltr' id='par_1_8' title="bbox 358 3061 1478 3146">
     <span class='ocr_line' id='line_1_20' title="bbox 358 3061 1478 3146; baseline 0.005 -22"><span class='ocrx_word' id='word_1_140' title='bbox 358 3061 463 3138; x_wconf 86' lang='lat' dir='ltr'>,Diu“</span> <span class='ocrx_word' id='word_1_141' title='bbox 485 3064 733 3146; x_wconf 88' lang='lat' dir='ltr'>monosyllabum</span> <span class='ocrx_word' id='word_1_142' title='bbox 756 3067 838 3146; x_wconf 93' lang='lat' dir='ltr'>apud</span> <span class='ocrx_word' id='word_1_143' title='bbox 863 3065 1010 3131; x_wconf 88' lang='lat' dir='ltr'>iambicos</span> <span class='ocrx_word' id='word_1_144' title='bbox 1032 3065 1130 3130; x_wconf 92' lang='lat' dir='ltr'>habes</span> <span class='ocrx_word' id='word_1_145' title='bbox 1159 3066 1242 3130; x_wconf 87' lang='lat' dir='ltr'>haud</span> <span class='ocrx_word' id='word_1_146' title='bbox 1264 3084 1342 3145; x_wconf 85' lang='lat' dir='ltr'>raro,</span> <span class='ocrx_word' id='word_1_147' title='bbox 1374 3065 1478 3131; x_wconf 89' lang='lat' dir='ltr'>velut:</span> 
     </span>
    </p>
   </div>
   <div class='ocr_carea' id='block_1_9' title="bbox 458 3217 1203 3774">
    <p class='ocr_par' dir='ltr' id='par_1_9' title="bbox 458 3217 1203 3424">
     <span class='ocr_line' id='line_1_21' title="bbox 458 3217 1203 3286; baseline 0.005 -5"><span class='ocrx_word' id='word_1_148' title='bbox 458 3218 507 3282; x_wconf 92' lang='lat' dir='ltr'>Pl.</span> <span class='ocrx_word' id='word_1_149' title='bbox 531 3218 600 3282; x_wconf 91' lang='lat' dir='ltr'>Per.</span> <span class='ocrx_word' id='word_1_150' title='bbox 624 3217 688 3282; x_wconf 81' lang='grc'>822</span> <span class='ocrx_word' id='word_1_151' title='bbox 711 3221 778 3284; x_wconf 75' lang='lat' dir='ltr'>lam</span> <span class='ocrx_word' id='word_1_152' title='bbox 803 3220 872 3284; x_wconf 92' lang='lat' dir='ltr'>diu</span> <span class='ocrx_word' id='word_1_153' title='bbox 895 3220 1044 3286; x_wconf 81' lang='lat' dir='ltr'>factumst</span> <span class='ocrx_word' id='word_1_154' title='bbox 1067 3270 1203 3285; x_wconf 91' lang='grc'><strong>.....</strong></span> 
     </span>
     <span class='ocr_line' id='line_1_22' title="bbox 481 3339 1144 3424; baseline 0.003 -22"><span class='ocrx_word' id='word_1_155' title='bbox 481 3388 498 3417; x_wconf 85' lang='grc'>,,</span> <span class='ocrx_word' id='word_1_156' title='bbox 532 3339 601 3404; x_wconf 90' lang='lat' dir='ltr'>Per.</span> <span class='ocrx_word' id='word_1_157' title='bbox 625 3339 689 3404; x_wconf 83' lang='grc'>849</span> <span class='ocrx_word' id='word_1_158' title='bbox 710 3340 779 3404; x_wconf 83' lang='lat' dir='ltr'>Iam</span> <span class='ocrx_word' id='word_1_159' title='bbox 803 3340 872 3404; x_wconf 93' lang='lat' dir='ltr'>diu</span> <span class='ocrx_word' id='word_1_160' title='bbox 895 3342 985 3424; x_wconf 80' lang='lat' dir='ltr'>saepe</span> <span class='ocrx_word' id='word_1_161' title='bbox 1009 3390 1144 3406; x_wconf 93' lang='grc'><strong>.....</strong></span> 
     </span>
    </p>

    <p class='ocr_par' dir='ltr' id='par_1_10' title="bbox 482 3443 1095 3534">
     <span class='ocr_line' id='line_1_23' title="bbox 482 3443 1095 3534; baseline 0.011 -13"><span class='ocrx_word' id='word_1_162' title='bbox 482 3506 497 3534; x_wconf 87' lang='grc'>,,</span> <span class='ocrx_word' id='word_1_163' title='bbox 531 3459 599 3523; x_wconf 77' lang='lat' dir='ltr'>uir.</span> <span class='ocrx_word' id='word_1_164' title='bbox 623 3459 688 3524; x_wconf 82' lang='lat' dir='ltr'>cns</span> <span class='ocrx_word' id='word_1_165' title='bbox 711 3511 718 3525; x_wconf 92' lang='lat'><strong>.</strong></span> <span class='ocrx_word' id='word_1_166' title='bbox 743 3510 751 3526; x_wconf 91' lang='lat'><strong>.</strong></span> <span class='ocrx_word' id='word_1_167' title='bbox 776 3511 783 3526; x_wconf 92' lang='lat'><strong><em>.</em></strong></span> <span class='ocrx_word' id='word_1_168' title='bbox 806 3443 866 3526; x_wconf 78' lang='lat' dir='ltr'>dor</span> <span class='ocrx_word' id='word_1_169' title='bbox 889 3462 958 3526; x_wconf 78' lang='lat' dir='ltr'>siu</span> <span class='ocrx_word' id='word_1_170' title='bbox 981 3443 1095 3530; x_wconf 72' lang='lat' dir='ltr'>viceor.</span> 
     </span>
    </p>

    <p class='ocr_par' dir='ltr' id='par_1_11' title="bbox 483 3563 1054 3653">
     <span class='ocr_line' id='line_1_24' title="bbox 483 3563 1054 3653; baseline 0.005 -11"><span class='ocrx_word' id='word_1_171' title='bbox 483 3626 498 3653; x_wconf 88' lang='lat'>,</span> <span class='ocrx_word' id='word_1_172' title='bbox 533 3577 578 3642; x_wconf 73' lang='lat' dir='ltr'>sn.</span> <span class='ocrx_word' id='word_1_173' title='bbox 602 3579 649 3642; x_wconf 61' lang='lat' dir='ltr'>aa</span> <span class='ocrx_word' id='word_1_174' title='bbox 673 3630 681 3644; x_wconf 91' lang='lat'><strong>.</strong></span> <span class='ocrx_word' id='word_1_175' title='bbox 704 3629 711 3644; x_wconf 91' lang='lat'><strong>.</strong></span> <span class='ocrx_word' id='word_1_176' title='bbox 737 3631 744 3645; x_wconf 93' lang='lat'><strong><em>.</em></strong></span> <span class='ocrx_word' id='word_1_177' title='bbox 767 3582 832 3646; x_wconf 74' lang='lat' dir='ltr'>tem</span> <span class='ocrx_word' id='word_1_178' title='bbox 858 3582 929 3646; x_wconf 80' lang='lat' dir='ltr'>aru</span> <span class='ocrx_word' id='word_1_179' title='bbox 951 3563 1054 3647; x_wconf 77' lang='lat' dir='ltr'>vtoua.</span> 
     </span>
    </p>

    <p class='ocr_par' dir='ltr' id='par_1_12' title="bbox 481 3681 1055 3774">
     <span class='ocr_line' id='line_1_25' title="bbox 481 3681 1055 3774; baseline 0.007 -14"><span class='ocrx_word' id='word_1_180' title='bbox 481 3746 496 3774; x_wconf 89' lang='lat'>„</span> <span class='ocrx_word' id='word_1_181' title='bbox 531 3697 594 3761; x_wconf 77' lang='lat' dir='ltr'>urs.</span> <span class='ocrx_word' id='word_1_182' title='bbox 618 3697 660 3760; x_wconf 79' lang='lat' dir='ltr'>oe</span> <span class='ocrx_word' id='word_1_183' title='bbox 684 3747 691 3762; x_wconf 93' lang='lat'><strong>.</strong></span> <span class='ocrx_word' id='word_1_184' title='bbox 715 3748 723 3764; x_wconf 91' lang='lat'>.</span> <span class='ocrx_word' id='word_1_185' title='bbox 748 3749 755 3764; x_wconf 86' lang='lat'><em>.</em></span> <span class='ocrx_word' id='word_1_186' title='bbox 780 3701 815 3762; x_wconf 79' lang='lat' dir='ltr'>oc</span> <span class='ocrx_word' id='word_1_187' title='bbox 837 3700 907 3764; x_wconf 81' lang='lat' dir='ltr'>cru</span> <span class='ocrx_word' id='word_1_188' title='bbox 930 3681 1055 3765; x_wconf 75' lang='lat' dir='ltr'>vivitur.</span> 
     </span>
    </p>
   </div>
   <div class='ocr_carea' id='block_1_10' title="bbox 354 3868 1479 4073">
    <p class='ocr_par' dir='ltr' id='par_1_13' title="bbox 354 3868 1479 4073">
     <span class='ocr_line' id='line_1_26' title="bbox 355 3868 1479 3956; baseline 0.003 -25"><span class='ocrx_word' id='word_1_189' title='bbox 355 3868 435 3931; x_wconf 84' lang='lat' dir='ltr'>uum</span> <span class='ocrx_word' id='word_1_190' title='bbox 466 3870 497 3932; x_wconf 85' lang='lat' dir='ltr'>n</span> <span class='ocrx_word' id='word_1_191' title='bbox 529 3871 666 3936; x_wconf 72' lang='lat' dir='ltr'>arturo</span> <span class='ocrx_word' id='word_1_192' title='bbox 699 3871 831 3936; x_wconf 70' lang='lat' dir='ltr'>romono</span> <span class='ocrx_word' id='word_1_193' title='bbox 864 3872 928 3938; x_wconf 81' lang='lat' dir='ltr'>ori</span> <span class='ocrx_word' id='word_1_194' title='bbox 951 3874 966 3937; x_wconf 90' lang='lat' dir='ltr'>r</span> <span class='ocrx_word' id='word_1_195' title='bbox 991 3872 1072 3935; x_wconf 83' lang='lat'>1431</span> <span class='ocrx_word' id='word_1_196' title='bbox 1105 3874 1162 3956; x_wconf 82' lang='lat'>(.-.</span> <span class='ocrx_word' id='word_1_197' title='bbox 1186 3873 1301 3938; x_wconf 73' lang='lat' dir='ltr'>aneon.</span> <span class='ocrx_word' id='word_1_198' title='bbox 1333 3871 1429 3936; x_wconf 72' lang='lat' dir='ltr'>Anah.</span> <span class='ocrx_word' id='word_1_199' title='bbox 1463 3871 1479 3934; x_wconf 90' lang='lat'><em>1</em></span> 
     </span>
     <span class='ocr_line' id='line_1_27' title="bbox 354 3989 532 4073; baseline 0.011 -21"><span class='ocrx_word' id='word_1_200' title='bbox 354 3989 410 4053; x_wconf 75' lang='lat' dir='ltr'>ur.</span> <span class='ocrx_word' id='word_1_201' title='bbox 436 3989 532 4073; x_wconf 74' lang='lat' dir='ltr'>rroJ:</span> 
     </span>
    </p>
   </div>
   <div class='ocr_carea' id='block_1_11' title="bbox 429 4146 1399 4228">
    <p class='ocr_par' dir='ltr' id='par_1_14' title="bbox 429 4146 1399 4228">
     <span class='ocr_line' id='line_1_28' title="bbox 429 4146 1399 4228; baseline 0.001 -17"><span class='ocrx_word' id='word_1_202' title='bbox 429 4146 507 4212; x_wconf 89' lang='lat' dir='ltr'>Cum</span> <span class='ocrx_word' id='word_1_203' title='bbox 531 4147 602 4212; x_wconf 91' lang='lat' dir='ltr'>diu</span> <span class='ocrx_word' id='word_1_204' title='bbox 625 4149 819 4228; x_wconf 72' lang='lat' dir='ltr'>ambularem,</span> <span class='ocrx_word' id='word_1_205' title='bbox 843 4150 947 4215; x_wconf 78' lang='lat' dir='ltr'>tamen</span> <span class='ocrx_word' id='word_1_206' title='bbox 970 4149 1028 4214; x_wconf 92' lang='lat' dir='ltr'>hoc</span> <span class='ocrx_word' id='word_1_207' title='bbox 1050 4148 1238 4216; x_wconf 79' lang='lat' dir='ltr'>veniundum</span> <span class='ocrx_word' id='word_1_208' title='bbox 1263 4150 1310 4214; x_wconf 89' lang='lat' dir='ltr'>est</span> <span class='ocrx_word' id='word_1_209' title='bbox 1331 4148 1399 4213; x_wconf 87' lang='lat' dir='ltr'>tibi.</span> 
     </span>
    </p>
   </div>
   <div class='ocr_carea' id='block_1_12' title="bbox 456 4457 1594 4530">
    <p class='ocr_par' dir='ltr' id='par_1_15' title="bbox 456 4457 1594 4530">
     <span class='ocr_line' id='line_1_29' title="bbox 456 4457 1594 4530; baseline 0.009 -21"><span class='ocrx_word' id='word_1_210' title='bbox 456 4459 483 4524; x_wconf 88' lang='lat'>1)</span> <span class='ocrx_word' id='word_1_211' title='bbox 511 4457 550 4511; x_wconf 82' lang='lat' dir='ltr'>Cf.</span> <span class='ocrx_word' id='word_1_212' title='bbox 563 4457 722 4523; x_wconf 79' lang='lat' dir='ltr'>Frohwain</span> <span class='ocrx_word' id='word_1_213' title='bbox 741 4460 794 4515; x_wconf 87' lang='lat' dir='ltr'>Dia</span> <span class='ocrx_word' id='word_1_214' title='bbox 806 4461 1075 4529; x_wconf 76' lang='lat' dir='ltr'>Perfektbildungen</span> <span class='ocrx_word' id='word_1_215' title='bbox 1094 4463 1145 4518; x_wconf 85' lang='lat' dir='ltr'>auf</span> <span class='ocrx_word' id='word_1_216' title='bbox 1158 4465 1198 4517; x_wconf 85' lang='lat' dir='ltr'>-vi</span> <span class='ocrx_word' id='word_1_217' title='bbox 1215 4463 1262 4518; x_wconf 88' lang='lat' dir='ltr'>bei</span> <span class='ocrx_word' id='word_1_218' title='bbox 1275 4463 1382 4526; x_wconf 88' lang='lat' dir='ltr'>Cicero,</span> <span class='ocrx_word' id='word_1_219' title='bbox 1394 4475 1421 4530; x_wconf 88' lang='lat' dir='ltr'>p.</span> <span class='ocrx_word' id='word_1_220' title='bbox 1434 4463 1477 4518; x_wconf 82' lang='lat'>27.</span> <span class='ocrx_word' id='word_1_221' title='bbox 1593 4481 1594 4492; x_wconf 53' lang='lat'>,</span> 
     </span>
    </p>
   </div>
   <div class='ocr_carea' id='block_1_13' title="bbox 0 0 1630 5274">
    <p class='ocr_par' dir='ltr' id='par_1_16' title="bbox 0 0 1630 5274">
     <span class='ocr_line' id='line_1_30' title="bbox 0 0 1630 5274; baseline 0 1"><span class='ocrx_word' id='word_1_222' title='bbox 0 0 1630 5274; x_wconf 95' lang='lat' dir='ltr'> </span> 
     </span>
    </p>
   </div>
  </div>
 </body>
</html>
