3230 5282
710 497 751 560 95

628 587 833 596 *ma-m.-

166 697 302 777 ‚anrius‘‚
334 699 466 775 ‚norder‘
499 699 568 764 sim.
592 699 797 764 diiudicandis
826 700 1001 778 concedam,
1034 719 1094 768 non
1126 704 1292 768 concedam

165 816 205 882 ad
228 835 334 882 omnes
357 817 389 882 id
414 817 527 882 valere.
571 817 653 882 Nam
685 821 753 884 tum
785 821 885 884 catera
913 821 1025 899 omnia,
1056 839 1133 903 quae
1163 821 1196 886 in
1227 842 1292 888 orc-

165 937 263 1004 ticum
295 939 415 1016 exeunt,
452 937 635 1020 plerumque
665 940 696 1002 in
728 938 788 1004 fine
820 957 925 1004 versus
956 940 1057 1022 posita
1087 945 1290 1021 occurrerent,

165 1055 248 1138 quod
279 1075 339 1122 non
371 1056 417 1122 ita
447 1075 515 1122 esee
546 1056 693 1139 exemplis
726 1057 831 1122 allatis
861 1057 1090 1124 demonstrabo.
1138 1060 1291 1142 Apertum

164 1177 257 1259 atque
289 1176 489 1244 manifestum
522 1179 570 1242 est
601 1178 773 1256 „arbitror“
797 1178 848 1244 vel
873 1180 1024 1256 „arbitro“
1050 1181 1162 1246 melius
1184 1199 1290 1246 versus

163 1295 219 1364 fini
251 1297 422 1374 convenire,
455 1315 547 1379 quam
579 1316 607 1362 e.
630 1315 661 1380 g.
685 1298 786 1376 „siet“
813 1297 1012 1381 bispllabum.
1055 1299 1102 1362 At
1131 1317 1201 1363 vero
1233 1300 1290 1364 hoo

163 1415 315 1482 habemus
338 1418 370 1482 in
393 1417 454 1482 fine
476 1435 582 1484 versus
605 1417 654 1483 vel
675 1417 706 1481 in
730 1416 861 1482 diaeresi
878 1417 1059 1499 saepissimo
1082 1417 1289 1498 (condebito,

163 1537 238 1620 quin
273 1537 373 1603 multo
406 1537 478 1620 plus
501 1539 616 1604 centies
638 1535 835 1621 inveniatur),
867 1537 969 1603 medio
1000 1539 1033 1602 in
1064 1556 1154 1602 versu
1185 1539 1290 1604 nonies

163 1657 213 1722 vel
247 1657 350 1738 potius
382 1659 490 1740 quater
515 1659 598 1743 (vida
621 1677 714 1741 supra
736 1678 766 1741 p.
789 1657 831 1721 84
854 1659 933 1742 sq.);
971 1660 1078 1724 contra
1109 1658 1290 1742 ‚arbitroffl‘

163 1781 270 1846 tricies
293 1780 355 1845 iere
378 1781 411 1844 in
441 1779 513 1858 fine,
543 1781 575 1844 in
608 1779 678 1844 aliis
709 1780 812 1844 autem
845 1778 976 1861 pedibus
1008 1779 1119 1858 docies,
1149 1799 1208 1844 non
1242 1779 1289 1843 bis

162 1904 258 1980 terve,
290 1901 323 1966 id
354 1900 436 1982 quod
467 1902 713 1983 exspectaremus
744 1920 799 1983 pro
830 1901 954 1966 illorum
977 1901 1137 1966 verborum
1159 1899 1288 1964 rabone.

164 2025 222 2088 Vel
255 2022 390 2105 deligam
421 2022 596 2104 exemplum
618 2021 846 2105 gravissimum,
879 2023 972 2088 verba
1004 2021 1072 2086 dico
1103 2021 1288 2103 qui-nque

161 2144 351 2227 syllabarum
375 2161 471 2225 eaque
492 2143 525 2206 in
548 2143 708 2224 epitritum
730 2143 858 2206 tertium
881 2139 1032 2220 exeuntia,
1063 2141 1150 2205 velut
1172 2138 1289 2218 „confi-

163 2267 297 2343 dentia“‚
343 2262 596 2344 ‚,confidentior“,
644 2261 906 2346 „confidentiue“!
973 2262 1057 2326 Num
1097 2261 1155 2326 hae
1198 2279 1287 2325 voces

160 2386 290 2468 possunt
312 2384 414 2448 madio
437 2389 469 2446 in
493 2401 583 2447 versu
606 2401 771 2460 occurrere,
804 2381 831 2446 si
851 2381 997 2459 ‚cottidie‘
1029 2379 1287 2463 quadrisylla,

162 2507 236 2570 bum
260 2504 365 2569 novies
388 2501 471 2584 apud
493 2503 641 2566 Plautum
663 2502 684 2565 i.
708 2502 741 2579 t,
768 2501 816 2565 bis
840 2501 903 2585 (vel
925 2500 1222 2583 potius-nunquam)
1245 2519 1287 2564 m.

160 2627 180 2690 i.
204 2646 233 2691 v.
258 2625 365 2689 extat?
409 2623 527 2688 Verum
558 2623 714 2687 enimvero
748 2621 972 2701 „confidentia‘
1007 2623 1065 2685 ate.
1096 2621 1116 2684 i.
1140 2621 1162 2684 f.
1187 2621 1237 2685 vel
1259 2639 1286 2685 a.

160 2746 190 2812 d.
215 2746 317 2810 decies
340 2745 434 2822 extat,
458 2745 566 2826 quater
588 2763 629 2807 m.
652 2743 672 2806 i.
696 2762 725 2807 v.
770 2742 870 2806 Nemo
902 2760 974 2825 ergo
1007 2740 1135 2824 negabit
1156 2740 1187 2804 in
1211 2743 1288 2817 ‚cot-

160 2868 247 2933 tidie‘
278 2869 370 2931 verbo
403 2864 580 2930 collocando
612 2864 689 2928 alias
721 2881 839 2946 quoque
872 2881 980 2927 causas
1010 2861 1144 2926 valuisse
1167 2861 1288 2942 praeter

161 2987 425 3053 commoditatem.

263 3108 368 3189 Atque
400 3108 508 3172 notum
543 3108 591 3171 est
613 3125 673 3170 non
696 3106 797 3171 solum
819 3106 852 3168 in
875 3105 960 3187 poesi
981 3103 1116 3167 iambica
1138 3099 1288 3184 quasdam

161 3225 275 3292 formas
298 3227 506 3308 formulasque
529 3227 621 3308 certis
644 3226 769 3290 sedibus
792 3226 882 3307 poni;
905 3225 969 3288 iam
992 3241 1085 3304 supra
1107 3241 1137 3305 p.
1160 3223 1202 3284 83
1225 3220 1288 3285 diri

161 3346 314 3428 Largium
354 3347 530 3412 observasse
567 3345 827 3438 infinitivos
864 3346 905 3409 in
944 3343 1031 3408 -ier
1068 3343 1150 3425 apud
1181 3343 1287 3424 poetas

162 3467 412 3550 dactylicos
445 3486 566 3550 semper
596 3466 658 3530 fere
689 3465 722 3529 in
753 3465 860 3547 quinto
892 3465 969 3546 pade
992 3483 1169 3540 occurrere;
1204 3461 1289 3526 haud

162 3607 251 3655 secus
277 3589 426 3666 „fuat“
458 3589 554 3653 semel
577 3587 658 3669 apud
681 3586 854 3668 Vergilium
876 3585 968 3668 idque
991 3585 1022 3648 in
1047 3602 1172 3668 caesura
1195 3581 1288 3646 semi·

161 3711 303 3794 quinaria
335 3710 437 3775 extare
469 3709 605 3774 vidimus
637 3709 680 3790 (v.
713 3725 805 3788 supra
836 3726 865 3788 p.
898 3705 950 3783 88,
984 3705 1055 3769 adn.
1080 3703 1121 3788 l).
1167 3703 1287 3767 Deinde

85 3841 88 3848 '
161 3833 277 3898 Aemus
296 3831 321 3915 ¹)
344 3831 520 3896 observavit
542 3831 573 3894 in
597 3829 752 3911 Propertii
774 3827 878 3892 libril
903 3825 1089 3890 carminibus
1113 3822 1288 3908 quindecim

161 3953 314 4034 prioribus
338 3951 375 4016 de
401 3949 461 4014 165
484 3949 729 4024 nominibus
763 3947 953 4030 propriis
982 3945 1043 4008 132
1066 3945 1098 4008 in
1120 3945 1197 4009 locis
1219 3962 1287 4028 ver-

161 4090 213 4136 sus
243 4071 417 4154 insignibus
450 4072 552 4135 extare
584 4067 639 4156 (23
662 4070 694 4134 in
717 4087 823 4134 versus
846 4067 945 4146 initio,
977 4063 1018 4127 35
1041 4063 1073 4128 in
1095 4063 1164 4140 fine,
1190 4062 1231 4126 74
1254 4063 1287 4125 in

265 4368 292 4432 1)
322 4367 379 4431 „De
397 4365 584 4432 appositionis
611 4363 685 4430 apud
703 4362 833 4417 Plautum
860 4363 889 4416 et
912 4361 1076 4416 'Ferentium
1102 4357 1288 4413 collocatione

160 4451 238 4506 Halis
257 4451 324 4508 Sax.
343 4453 436 4516 1891‘,
454 4467 480 4519 p.
498 4452 540 4506 27.
603 4488 607 4498 -
