3186 5282
882 491 926 556 78

339 719 397 784 qne
428 719 566 768 seorsum
596 699 725 764 tractari
755 697 895 781 possunt,
933 699 1039 780 utpote
1071 717 1201 780 quorum
1224 718 1370 766 numerus
1394 721 1464 783 per·

339 841 451 905 parvus
481 821 532 886 sit
586 819 653 904 ligo
683 837 754 884 cum
785 818 862 882 mihi
895 818 1085 900 provinciam
1120 819 1369 886 Plautinum
1401 821 1462 886 ele·

250 961 252 973 ·
338 941 462 1024 gissem,
502 957 609 1004 omnes
646 937 763 1021 poetas,
800 937 853 1020 qui
885 938 1004 1003 iambos
1037 938 1237 1005 trochaeosve
1276 940 1411 1007 fecerunt
1430 941 1463 1020 ¹l,

339 1077 434 1142 usque
457 1057 496 1124 ad
519 1057 666 1124 Senecam
689 1057 842 1140 tragicum
860 1055 884 1140 ²)
916 1056 982 1141 legi
1012 1061 1044 1122 et
1075 1076 1179 1124 omnes
1203 1058 1317 1124 formas
1341 1079 1464 1126 coaoer·
1565 1051 1566 1072 ¹

338 1179 418 1257 vari,
456 1196 534 1260 quae
572 1195 591 1242 a
626 1177 809 1260 perfectis
800 1197 832 1241 rn
864 1178 939 1256 -avi,
971 1178 1047 1256 ·ovi,
1080 1178 1156 1256 -avi,
1190 1178 1248 1244 -ivi
1281 1180 1463 1244 exeuntibus

338 1298 494 1364 derivatae
517 1303 598 1378 sunt,
621 1316 682 1362 uno
704 1298 817 1364 oieso
840 1298 934 1364 verbo
956 1298 1059 1364 eundi
1105 1297 1194 1380 Quod
1210 1299 1339 1366 verbam
1356 1300 1464 1365 multis

338 1420 510 1485 commotus
533 1419 635 1484 causis
658 1439 695 1484 ex
717 1419 888 1498 ceterorum
919 1420 1042 1502 agmine
1074 1420 1199 1497 exclusi,
1236 1439 1306 1484 nam
1329 1422 1464 1502 primurn

338 1542 563 1625 quinquaginta
586 1543 659 1606 ante
681 1557 775 1605 annos
797 1539 1109 1605 Fleckeisanus
1127 1538 1154 1622 ³)
1188 1539 1225 1604 de
1257 1539 1348 1606 huius
1378 1542 1464 1606 verbi

339 1660 445 1726 formis
467 1661 624 1727 Plautinis
646 1662 719 1746 egit,
754 1659 863 1726 deiude
895 1659 1122 1743 amplissimam
1147 1659 1225 1724 illud
1249 1660 1352 1742 ipsum
1374 1679 1466 1743 prae·

340 1782 406 1848 buit
427 1783 635 1866 exemplorum
658 1783 787 1864 copiam,
819 1780 949 1862 danique
974 1779 1184 1846 dubitationes
1207 1782 1357 1864 quasdam
1379 1781 1463 1846 diiii-

338 1903 471 1968 cillimas
508 1903 614 1981 movit,
652 1920 728 1985 quas
765 1900 902 1968 nondum
934 1901 1087 1984 explicare
1119 1919 1225 1966 omnes
1255 1888 1333 1970 mihi
1364 1902 1463 1967 licuit.

338 2023 455 2088 Tamen
493 2041 582 2105 spero
619 2021 915 2104 disputatiunculam
955 2039 1058 2087 meam
1096 2021 1217 2086 nullum
1255 2022 1369 2088 omisso
1403 2021 1465 2085 hoc

338 2143 429 2208 verbo
466 2141 683 2208 detrimentum
721 2145 891 2223 capturam,
929 2141 1075 2224 quoniam
1107 2161 1162 2207 sua
1193 2160 1315 2224 semper
1345 2140 1464 2206 ratione

339 2261 432 2327 eundi
454 2263 581 2327 verbum
605 2262 771 2326 formatum
794 2261 846 2326 sit.
1202 2259 1206 2272 '

325 2391 329 2400 ’
441 2382 567 2448 Praeter
602 2381 834 2447 Fleckeisenum
870 2365 974 2446 autem
1008 2379 1249 2446 Conradtus
1267 2378 1294 2464 ⁴)
1327 2399 1355 2444 a.
1380 2379 1465 2443 1876

338 2521 390 2570 aas
411 2503 526 2570 formae
548 2503 704 2583 tractavit,
728 2521 807 2586 quae
830 2502 868 2568 ab
889 2509 961 2580 ‚,er“
987 2500 1170 2584 incipientes
1187 2500 1268 2582 apud
1284 2499 1462 2566 Terentium

337 2623 450 2702 extant,
474 2624 635 2708 legemque
659 2623 779 2699 statuit,
814 2642 908 2706 quam
939 2623 1020 2688 infra
1042 2622 1177 2688 afferam.
1222 2623 1303 2687 Tum
1327 2640 1355 2686 a.
1381 2620 1463 2686 1884

337 2742 731 2826 Engelbraohtus⁶)
777 2761 883 2808 omnes
922 2741 1036 2806 formas
1075 2741 1219 2826 collegit,
1265 2759 1341 2824 quas
1379 2740 1462 2824 apud

337 2861 486 2927 Plautum
517 2862 756 2944 Terentiumque
792 2862 964 2939 invenerat,
1002 2863 1056 2928 sed
1088 2864 1233 2945 equidem
1264 2863 1359 2928 etiam
1392 2862 1465 2945 post

337 2983 402 3048 eius
435 2983 726 3049 commentationem
758 2982 857 3048 denuo
888 3001 994 3048 omnes
1021 2983 1135 3048 formas
1159 2984 1292 3066 profane
1316 2983 1463 3049 constitui

337 3105 385 3169 his
401 3104 438 3169 de
454 3105 574 3168 causis:
605 3105 638 3184 l)
662 3102 740 3166 hanc
763 3121 827 3167 rem
851 3104 1052 3170 contexte
1074 3103 1157 3186 apud
1179 3122 1320 3170 ornnes
1343 3105 1462 3186 priscae

441 3413 467 3476 1)
494 3411 601 3465 Eodem
620 3413 750 3479 tempore
768 3413 802 3476 (a.
822 3412 898 3478 1890)
918 3413 1090 3467 Scheiderus
1108 3412 1192 3467 Birtii
1211 3413 1344 3481 auspiciis
1362 3414 1461 3480 poetas

338 3497 354 3551 d
365 3511 381 3551 a
391 3511 406 3552 o
415 3499 428 3551 1
437 3512 457 3565 y
467 3497 476 3550 l
487 3498 496 3550 i
507 3511 522 3550 o
533 3511 549 3550 o
560 3511 573 3551 s
600 3498 791 3564 perlustravit.

439 3583 468 3646 2)
496 3582 569 3638 Sana
588 3597 646 3640 uon
664 3583 748 3638 omisi
765 3585 864 3640 titulos
882 3585 1020 3639 iambicos
1039 3587 1068 3640 et
1085 3585 1255 3646 trochaicus,
1285 3583 1374 3638 testes
1392 3585 1463 3638 inte-

336 3671 485 3738 gerrimos‚
504 3684 521 3724 a
538 3669 711 3724 Buechelero
731 3671 882 3726 collectos:
904 3670 1094 3739 „Anthologia
1111 3671 1207 3736 latina,
1226 3685 1251 3738 p.
1271 3671 1312 3724 11:
1337 3670 1465 3726 earmina

337 3755 520 3824 epigraphica
537 3755 605 3811 fasc.
624 3757 643 3820 i,
662 3756 773 3823 lipsiae
792 3757 884 3812 1895“.

438 3843 467 3908 3)
496 3841 581 3896 Cuius
600 3843 733 3911 egregiae
752 3843 910 3898 studiorum
928 3844 1071 3912 primitiae
1088 3845 1242 3913 inscriptae
1260 3847 1327 3899 eunt
1360 3845 1465 3910 ,Exer-

337 3928 486 3983 citationes
516 3929 672 3992 Plautinee‚
703 3929 857 3997 Gottingae
887 3931 979 3985 1842“.
1029 3930 1107 3996 Quae
1136 3932 1185 3984 ille
1214 3932 1332 3996 invenit,
1363 3944 1466 3984 eorunr

336 4027 447 4068 summa
464 4014 550 4070 etiam
568 4029 643 4070 nunc
661 4014 825 4082 pleramque
841 4017 951 4083 partem
971 4017 1092 4081 constat,
1110 4017 1162 4071 sed
1180 4017 1312 4083 quoniam
1331 4017 1379 4070 illo
1393 4017 1466 4069 tem-

335 4114 404 4168 pore
422 4100 554 4154 editionis
574 4101 689 4156 criticae
714 4100 777 4152 οὐδὲ
794 4105 845 4169 γρῦ
864 4105 932 4165 erat,
960 4103 1140 4157 retractanda
1168 4104 1235 4157 sunt
1256 4103 1359 4166 omnia,
1387 4103 1468 4169 quod

336 4201 353 4240 a
378 4201 424 4240 me
451 4187 513 4254 ipso
541 4201 612 4242 mox
637 4188 743 4242 factum
770 4188 805 4242 iri
833 4203 925 4256 spero,
954 4204 1020 4244 nam
1049 4203 1120 4258 quae
1138 4190 1195 4244 Leo
1215 4205 1238 4244 a.
1259 4189 1326 4244 1883
1343 4190 1373 4242 in
1391 4187 1465 4242 Mus.

336 4271 423 4328 Rhen.
441 4288 467 4340 p.
486 4274 520 4328 22
538 4287 579 4340 sq.
599 4275 691 4329 obiter
708 4275 743 4328 de
761 4275 841 4330 verbi
859 4276 944 4332 eundi
962 4276 1061 4332 formis
1080 4277 1162 4340 dixit,
1190 4291 1248 4331 non
1275 4274 1467 4330 satisfaciunt.

437 4359 467 4426 4)
493 4359 586 4414 Herm.
605 4375 631 4415 v.
649 4361 685 4426 X,
706 4376 731 4429 p.
751 4361 895 4418 104-106,

437 4445 464 4512 5)
492 4445 570 4500 stud,
590 4447 800 4502 Vindobonens
819 4462 845 4502 u.
864 4448 910 4514 Vl,
931 4463 957 4516 p.
976 4449 1121 4505 are-245.
