3186 5282
696 521 773 594 15⁴

611 611 817 619 Μ

152 721 198 786 ed*
221 721 302 786 hanc
333 724 518 788 sententiam
550 719 713 790 deducitur
743 725 842 790 umbr.
867 725 1029 790 oltiumam
1061 743 1121 789 non
1151 743 1187 788 ex
1209 724 1275 788 ital.

153 839 320 906 *alternam
343 845 445 908 ortum
469 863 543 922 esse,
569 865 641 910 nam
664 846 708 910 sic
723 845 924 914 ratiocinatur
938 845 959 908 l.
974 845 1015 909 l.:
1042 843 1160 920 „dieses
1185 844 1277 928 (olte-

152 965 250 1041 maml
284 965 400 1028 musste
432 965 511 1028 nach
535 967 592 1029 den
618 966 768 1031 Gesetzen
792 965 845 1030 der
867 965 1027 1030 oskiechen
1050 963 1277 1029 Vokalassimi-

152 1082 249 1147 lation
273 1102 311 1146 zu
333 1083 500 1149 *oltamam
525 1086 676 1154 werden.“
722 1086 859 1150 Ultimae
890 1087 987 1170 igitur
1018 1084 1155 1169 syllabae
1186 1103 1277 1150 voca-

152 1201 192 1266 lis
216 1205 264 1284 (a)
295 1203 327 1268 vi
350 1203 489 1268 futurum
512 1205 607 1270 luisse
630 1207 730 1290 putat,
761 1206 797 1270 ut
820 1205 1006 1284 „oltemam“
1030 1205 1063 1268 in
1086 1203 1277 1284 „oltamam“

153 1319 327 1384 mutaretur
358 1323 431 1403 (non
455 1323 493 1386 in¹
510 1323 748 1407 ,‚oltiumam“);
784 1326 909 1388 atvero
932 1341 1006 1388 num
1028 1323 1060 1386 in
1082 1323 1121 1387 iis
1145 1323 1277 1399 casibus,

155 1458 282 1522 quorum
306 1442 482 1506 terminatio
508 1454 563 1520 „a⁴‘
588 1443 727 1508 litteram
750 1445 896 1519 continet,
933 1449 989 1520 „e“
1011 1443 1043 1506 in
1066 1447 1125 1521 „a“
1158 1443 1280 1506 mutata

154 1564 246 1639 esset,
278 1563 310 1625 in
342 1562 469 1646 reliquie
500 1563 531 1626 in
564 1564 641 1628 alias
673 1564 794 1628 vocales
827 1565 872 1649 (in
907 1565 955 1640 „i“
989 1563 1038 1628 vel
1072 1563 1154 1645 „u“].
1199 1562 1278 1626 ltem

155 1700 232 1761 quae
270 1681 307 1746 de
341 1682 538 1759 „hondomu“
570 1682 716 1748 disseruit
752 1685 800 1748 vir
831 1683 1038 1760 doctissimus,
1077 1701 1151 1746 cum
1185 1681 1279 1745 dicit:

157 1800 267 1877 „Auch
298 1803 398 1867 umbr.
430 1803 587 1869 hondomu
617 1803 698 1868 kann
732 1803 913 1868 schwerlioh
944 1821 999 1868 aue
1031 1795 1215 1868 *hondtmu'
1239 1827 1279 1857 ==

155 1920 343 1986 *hontemod
375 1923 488 1987 erklart
517 1923 639 1988 werden
672 1924 748 2006 (vgl.
776 1923 805 1989 S.
830 1924 917 2005 250),
956 1923 1089 1988 sondern
1122 1921 1200 1986 setzt
1230 1921 1279 1985 ein

155 2041 350 2106 uritalisches
373 2041 558 2108 *nontomoo
582 2049 723 2122 voraus‚“
748 2063 784 2108 ea
805 2043 900 2108 nullis
921 2042 1063 2125 probavit
1078 2040 1280 2126 argumentis.

155 2164 199 2226 At
220 2162 298 2227 milri
329 2164 443 2242 contra,
479 2184 557 2246 quae
580 2183 673 2247 supra
695 2165 733 2229 de
755 2164 1014 2246 superlativorum
1039 2161 1140 2227 suffiri
1163 2161 1281 2244 origine

154 2281 323 2364 disputavi,
346 2284 584 2367 haudquaquam
606 2305 777 2368 repugnare
799 2285 945 2350 videntur
967 2285 1005 2348 iis
1033 2302 1112 2365 quae
1136 2301 1151 2346 e
1173 2281 1281 2365 lingua

156 2403 305 2468 Oscorum
327 2405 575 2488 Umbrorumque
597 2406 683 2471 tituli
705 2405 905 2488 suppeditant
926 2403 1075 2485 exemplis
1093 2402 1129 2483 ¹).

353 2629 399 2696 Β.
445 2629 693 2718 Superlalivi
716 2629 756 2696 in
779 2629 911 2697 titulis
933 2627 1084 2696 latinis.
1147 2617 1153 2622 ’

257 2783 379 2849 Titulos
417 2785 530 2849 aetatis
565 2785 680 2850 liberae
716 2784 913 2867 reipublicae,
956 2803 1031 2866 quos
1068 2801 1207 2848 seorsum
1244 2780 1282 2846 ab

158 2907 268 2974 aetatis
299 2906 516 2990 imperatoriae
548 2905 799 2988 inscriptionibus
836 2904 978 2982 tractari,
1015 2922 1075 2969 non
1113 2900 1280 2968 secundum

155 3027 332 3110 temporum
369 3026 512 3112 rationes,
560 3043 637 3108 quae
678 3025 859 3108 saepissime
897 3023 1018 3088 definiri
1055 3041 1114 3088 non
1152 3021 1282 3104 possint,

157 3145 305 3227 disposui,
334 3145 389 3209 sed
412 3143 581 3209 secundum
604 3143 724 3208 suffixa.
747 3144 792 3208 ita
814 3161 896 3224 vero,
929 3144 966 3207 ut
987 3143 1093 3208 notam
1116 3143 1283 3224 annique

157 3265 268 3330 titulus
291 3263 406 3328 incisus
431 3263 480 3342 sit,
505 3264 678 3344 ubicunque
702 3263 774 3328 sciri
795 3263 899 3344 potest
921 3262 1085 3328 adicerem.

644 3454 741 3526 CIL
765 3455 797 3522 Ι.

642 3577 804 3639 tissimus.

159 3695 317 3778 parisuma
349 3692 414 3759 CIL
446 3695 461 3758 Ι
492 3695 547 3760 Nr.
570 3693 613 3756 30
639 3721 679 3750 =
712 3692 893 3758 Buecheleri
923 3691 1114 3776 Anthologia
1145 3695 1282 3776 epigri

259 3811 315 3876 Nr.
353 3813 371 3875 7
409 3814 554 3896 Elogium
594 3813 745 3894 Scipionis
783 3812 920 3890 Barbati,
958 3813 1008 3878 vel
1044 3831 1069 3876 a.
1105 3831 1136 3878 u.
1175 3830 1200 3876 c.
1238 3813 1283 3878 VI
1354 3877 1355 3880 ,

264 4040 288 4104 1)
317 4038 422 4104 Stupeo
452 4053 515 4094 eum
541 4039 605 4115 lego
625 4053 696 4106 quae
722 4051 748 4104 p.
767 4037 819 4092 317
845 4037 946 4090 Planta
972 4035 1048 4098 dicit,
1075 4036 1108 4089 ut
1128 4036 1216 4088 simo
1244 4049 1283 4088 ex

160 4127 252 4187 admo
272 4126 383 4190 (emmo)
397 4127 497 4178 natum
515 4139 579 4178 esse
596 4125 713 4191 probet:
741 4125 781 4188 „i“
802 4137 840 4176 ex
859 4125 906 4186 „e“
926 4122 955 4175 vi
976 4125 1019 4185 „s“
1039 4121 1152 4175 litterae
1170 4135 1283 4186 praece·

160 4212 251 4265 dentis
278 4194 383 4266 iactum
410 4226 482 4275 esse,
509 4213 584 4265 sicut
601 4211 768 4278 posterioris
787 4210 887 4263 aetatis
905 4209 1007 4275 volgus
1028 4211 1073 4272 „s“
1093 4210 1220 4274 impurae
1239 4209 1281 4270 „i“

158 4298 337 4362 praemiserit
355 4298 553 4363 (iscelasticus
571 4294 733 4364 istatuam)l
764 4297 839 4350 ldem
850 4309 877 4360 p.
889 4295 941 4348 318
958 4294 1115 4347 hariolatur
1135 4294 1282 4357 „nuvime“

161 4396 200 4436 ex
231 4387 381 4445 „nuveme“
412 4384 506 4437 ortum
533 4398 597 4438 esse
626 4397 678 4450 per
704 4381 842 4449 ἀναλογίαν
872 4380 1060 4434 numeralium
1090 4379 1284 4444 vicen-simae,

159 4469 350 4522 tricem-simus
368 4469 429 4522 sim.
