3186 5282
540 1117 861 1242 Praefatio.

241 1393 363 1526 13113
397 1461 488 1539 foliis,
528 1481 604 1544 quae
637 1482 716 1529 nunc
749 1463 866 1546 publici
897 1464 973 1528 iuris
996 1463 1084 1542 13313,
1116 1463 1193 1528 duas
1215 1483 1264 1528 res

137 1581 349 1646 demonstrare
381 1581 553 1647 studebam.
598 1583 739 1648 Primum
772 1602 832 1647 uno
865 1584 1004 1666 exemplo
1028 1584 1264 1667 orthographieo

137 1701 257 1783 prolato
290 1702 429 1767 evincere
462 1703 564 1784 cupivi
588 1703 703 1768 nullius
733 1703 890 1787 scriptoris
914 1723 1087 1770 sermonem
1110 1705 1149 1768 ad
1172 1723 1265 1769 unam
1324 1677 1328 1686 ⁵

137 1823 278 1906 regulam
301 1823 448 1887 constitui
470 1822 570 1900 licere,
603 1825 670 1887 tum
693 1823 809 1901 dooere,
835 1825 984 1906 quantum
1007 1824 1155 1906 praebeat
1176 1824 1265 1887 utili·

136 1944 212 2007 tatis
243 1944 287 2008 rei
310 1943 531 2026 grammaticae
563 1963 717 2008 unacum
740 1945 886 2009 metricae
911 1945 1114 2026 proprietates
1137 1945 1168 2008 in
1191 1964 1265 2026 poe-

138 2067 250 2141 tarum,
288 2065 341 2146 qui
375 2065 441 2146 pari
476 2064 573 2128 metro
606 2065 745 2142 utuntur,
783 2064 969 2130 carminibus
1001 2065 1152 2147 persequi.
1206 2065 1266 2129 llla

138 2184 262 2265 quidem
285 2185 316 2248 in
340 2203 371 2248 re
394 2203 581 2266 quamquam
606 2203 655 2250 me
679 2203 738 2250 non
761 2186 843 2267 sugit
866 2185 1000 2250 virorum
1017 2185 1175 2250 doctorum
1196 2204 1266 2250 sen-

139 2303 254 2368 tentias
289 2305 359 2385 post
382 2303 545 2368 Ritschelii
575 2305 714 2386 tempora
745 2305 938 2388 aliquantum
962 2307 1167 2372 commutatas
1190 2325 1265 2381 esse,

139 2427 276 2488 attamen
299 2425 331 2488 io
354 2425 554 2508 scriptoribus
577 2427 732 2491 veteribus
749 2426 875 2490 edendis
894 2427 1018 2490 nostrae
1037 2445 1157 2508 quoque
1181 2430 1266 2489 aeta·

140 2547 179 2610 tis
202 2546 399 2627 grammatici
422 2565 568 2628 persaepe
591 2551 760 2629 sequuntur
786 2547 1039 2629 aequabilitatem
1068 2549 1100 2612 et
1122 2549 1267 2612 constan-

139 2667 216 2730 tiam
241 2665 367 2730 rationis
392 2667 657 2749 orthographicas,
690 2666 776 2732 velut
809 2667 1033 2748 antiquissimis
1058 2667 1266 2732 Romanorum

139 2787 239 2870 poetis
270 2789 395 2854 student
426 2788 567 2853 omnihus
599 2806 818 2869 usquequaque
851 2787 927 2852 13313
952 2789 1081 2851 eandem
1107 2787 1267 2869 orthogra-

8 2965 10 2968 .
139 2907 244 2990 phiam
267 2907 409 2972 tribuere.
456 2909 596 2989 Apparet
617 2907 703 2970 nulla
725 2907 756 2970 in
780 2925 812 2970 ro
834 2907 1038 2990 grammatica
1057 2907 1266 2972 1331333333-

139 3027 226 3092 311311
248 3027 437 3093 studendum
460 3045 527 3092 esse
551 3030 582 3092 in
602 3027 757 3092 Plauto
779 3026 949 3104 tractando,
983 3026 1036 3092 sed
1062 3027 1094 3090 in
1117 3027 1211 3091 orth
1226 3045 1268 3090 3-

139 3147 363 3230 gra‘phicis
402 3147 544 3230 equidem
582 3148 745 3212 nullum
783 3150 884 3212 extare
918 3147 1100 3228 scriptorem
1132 3147 1265 3212 latinum

140 3287 256 3348 censeo,
290 3270 343 3351 qui
375 3268 434 3332 sibi
457 3267 600 3333 constans
632 3268 736 3333 luerit.
782 3267 1009 3351 Orthographia
1035 3269 1117 3332 enim
1141 3269 1268 3333 minoris

141 3387 289 3452 momenti
312 3387 382 3464 fuit,
405 3406 496 3469 quam
521 3389 556 3450 ut
578 3387 743 3468 quisquam
768 3386 1022 3469 aequabilitatem
1045 3387 1267 3451 constantiam-

142 3525 199 3589 que
230 3509 288 3572 hao
320 3511 350 3573 in
382 3527 414 3572 re
446 3508 658 3590 proferendam
691 3510 823 3573 curaret.
868 3508 976 3589 Neque
1009 3526 1145 3590 unquam
1179 3507 1269 3572 aliter

141 3628 302 3692 senserunt
332 3627 472 3694 homines
503 3629 679 3694 litterarum
708 3627 838 3692 studiosi
862 3628 968 3709 paucis
992 3628 1126 3709 exceptis
1148 3627 1269 3709 tempo·

141 3747 236 3832 ribus,
274 3751 309 3814 ut
341 3749 437 3814 altera
469 3769 492 3813 3.
518 3749 596 3814 XlX
627 3751 724 3831 parte.
770 3749 820 3812 An
852 3749 1015 3830 quiequam
1045 3746 1269 3812 Germanorum

142 3887 166 3932 s.
198 3867 305 3933 XVIII
336 3869 471 3933 terrunci
502 3869 576 3934 fecit
607 3868 884 3950 orthographiam?
941 3868 985 3932 At
1015 3868 1128 3932 mirum
1162 3866 1270 3950 quanti

142 3987 271 4052 formam
294 3990 325 4054 et
347 4008 491 4053 versuum
515 3990 546 4054 et
568 3989 693 4072 linguae
717 3989 889 4054 Romani
915 3987 1086 4054 faciehant!
1129 3987 1269 4052 Nimium

144 4109 292 4191 quantum
326 4110 448 4192 assequi
480 4108 646 4174 studebant
676 4109 801 4191 linguae
832 4108 1027 4190 splendorem
1065 4107 1269 4190 speciemque,

143 4247 200 4311 quo
224 4227 333 4332 studio⁶
348 4229 406 4293 hoc
429 4230 602 4308 effecerunt,
639 4230 673 4292 ut
697 4213 924 4310 lingua'latina
950 4247 1019 4292 eam
1043 4231 1207 4293 consecuta
1229 4227 1270 4290 sit

143 4349 370 4430 perlectionem,
406 4369 498 4432 quam
522 4350 609 4414 nulla
631 4369 730 4432 neque
753 4351 823 4414 ante
847 4369 903 4413 nec
927 4350 1013 4430 posti
1058 4349 1102 4412 At
1125 4347 1269 4430 equidem

142 4471 170 4534 in
194 4471 285 4535 rebus
317 4471 675 4554 orthographicis
708 4489 806 4551 neque
830 4468 1007 4534 Ciceronem
1037 4487 1134 4550 nequo
1159 4466 1270 4532 Caesa-
