3186 5282
335 823 421 890 nullo
453 823 520 888 loeo
552 826 674 906 praeter
703 823 796 888 finem
828 825 884 889 hoe
911 823 1036 888 verbum
1064 824 1325 906 „imperaveram“
1347 843 1457 906 ponere

334 947 450 1028 poteris
463 967 470 1009 :

627 1112 645 1134 a
662 1096 679 1132 ι
697 1111 715 1134 υ
732 1119 750 1127 -
765 1112 782 1134 a
798 1063 827 1150 ll
844 1097 862 1133 a
881 1111 898 1134 e
920 1065 1154 1146 imperaveram,

334 1223 396 1287 nisi
419 1221 562 1287 ultimam
585 1222 739 1306 syllabam
764 1230 853 1298 ‚,am“
879 1222 1006 1288 elisione
1029 1221 1146 1286 delebis

334 1342 389 1406 ant
410 1341 473 1406 sie:
498 1386 515 1408 e
533 1370 550 1406 a
568 1387 586 1408 a
603 1394 620 1401 -
638 1387 655 1409 e
675 1339 704 1426 fl
726 1321 952 1423 imperaveram
976 1340 1127 1417 omnibus,
1209 1389 1213 1396 .

334 1462 389 1526 aut
404 1462 604 1544 praecedente
622 1461 833 1546 monosyllabo
849 1461 906 1524 sio:
923 1505 940 1528 a
956 1439 1181 1540 imperaveram
1193 1459 1222 1544 sl
1234 1459 1299 1525 arte
1311 1512 1328 1520 -
1342 1487 1360 1524 ε
1374 1489 1391 1525 ι
1404 1503 1423 1526 a
1435 1487 1454 1523 ε

436 1634 496 1700 Sed
518 1634 635 1700 formae
656 1636 692 1700 ut
716 1635 953 1714 „imperaveras
977 1635 1035 1718 -at,
1059 1635 1151 1698 -ant“
1174 1633 1275 1700 solum
1294 1635 1327 1698 in
1341 1635 1457 1698 senarii

332 1754 393 1820 fine
424 1755 568 1821 collocari
601 1757 740 1837 possunt
771 1755 847 1820 item
879 1755 942 1820 fere
972 1756 1004 1820 in
1036 1757 1223 1822 tetrametris
1253 1756 1283 1820 in
1307 1755 1454 1822 creticum

332 1877 524 1942 exeuntibus.

436 1993 547 2058 Altera
571 1995 674 2058 autem
698 2013 790 2058 eausa
812 1995 860 2058 est
881 1997 937 2073 vis,
970 2012 1046 2075 quae
1078 1995 1110 2058 in
1141 2014 1285 2062 versuum
1316 1995 1376 2060 fine
1406 1997 1455 2070 in-

330 2113 454 2189 haeret;
479 2113 541 2176 rim
564 2113 632 2177 dieo
656 2113 796 2178 servandi
818 2113 933 2178 formas
953 2115 1088 2210 veteres
1105 2115 1268 2195 obsoletas,
1290 2117 1454 2182 inusitatas

332 2232 434 2318 (velut
458 2234 645 2328 „nmarier“)
679 2237 709 2300 et
740 2234 863 2300 tutandi
894 2235 1041 2300 formulas
1073 2236 1221 2317 quasdam
1254 2237 1354 2314 (velut
1382 2236 1454 2312 „ubi

331 2353 473 2436 gentium
496 2327 591 2434 simp
638 2353 732 2420 Cuius
755 2355 953 2436 proprietatis
980 2355 1129 2420 nonnuila
1161 2357 1301 2438 exempla
1330 2375 1452 2440 eompo·

331 2493 402 2539 nere
434 2475 520 2553 libet,
553 2475 667 2558 partim
699 2477 762 2541 iam
794 2475 832 2541 ab
865 2477 934 2542 aliis
966 2478 1096 2542 oolleeta
1122 2479 1171 2544 vel
1195 2480 1275 2544 oerte
1298 2481 1450 2556 annotata,

331 2595 443 2676 partim
468 2615 486 2660 a
508 2615 557 2660 me
579 2615 659 2661 nune
683 2597 815 2677 primurn
838 2598 994 2680 indagata.
1041 2600 1144 2680 Atque
1168 2600 1304 2664 omniurn
1327 2598 1450 2680 quidem

330 2717 465 2799 primum
496 2718 722 2800 coniugationis
754 2719 906 2801 proferam
939 2721 1052 2784 formas
1083 2720 1245 2784 obsoletas.
1292 2720 1335 2784 In
1366 2719 1453 2784 fine

330 2836 418 2901 iere
440 2855 637 2902 versuum
660 2839 824 2903 oretieo
849 2837 920 2904 aut
942 2842 1038 2904 ante
1061 2838 1295 2904 diaeresim
1318 2839 1455 2922 septe-

331 2959 1452 3028 nariorumiambiooruminveniunturformaehae:

435 3079 469 3152 l]
501 3079 730 3144 infinitivi
755 3081 924 3162 passivi
955 3082 993 3146 in
1018 3083 1123 3159 -ier‚
1156 3081 1328 3164 dequibus
1352 3081 1453 3146 Ludo-

329 3198 431 3265 vieum
463 3200 568 3282 Lange
587 3200 611 3284 ¹)
643 3201 796 3265 uberrime
827 3202 928 3285 egisse
959 3204 1067 3266 notum
1099 3209 1155 3267 est.
1202 3203 1287 3268 idern
1311 3203 1358 3268 vir
1380 3203 1452 3267 doe-

329 3318 469 3385 tissimus
492 3321 595 3386 omnia
617 3321 757 3403 exempla
778 3322 869 3386 huius
893 3322 994 3388 suffixi
1018 3342 1054 3388 ex
1076 3323 1188 3388 litteris
1203 3323 1309 3388 latinis
1324 3323 1451 3404 collegit

329 3438 401 3503 inde
423 3459 441 3504 a
463 3439 539 3504 belli
560 3439 746 3506 Hannibalis
777 3443 967 3526 temporibus
999 3463 1095 3527 usque
1129 3445 1169 3509 ad
1192 3443 1339 3510 Serenum
1363 3441 1450 3507 Sam·

330 3559 486 3624 monioum
517 3559 548 3623 et
579 3559 753 3626 Ausonium
788 3563 1053 3645 Burdigalensem.
1109 3564 1249 3646 Apparet
1284 3563 1347 3628 iam
1385 3561 1450 3626 Livi

330 3681 499 3746 Andronici
522 3681 622 3746 aetate
645 3683 702 3746 hoe
724 3682 869 3748 suffixum
892 3683 1065 3748 obsoletum
1088 3684 1183 3750 tuisse
1201 3686 1241 3758 et,
1265 3702 1451 3766 quamquam

329 3800 361 3864 in
398 3801 568 3882 titulis,
613 3803 666 3886 qui
703 3802 742 3868 ad
780 3805 966 3870 vetustatem
1004 3806 1185 3872 servandam
1222 3803 1451 3887 propensissimi

329 3922 426 4000 erant,
458 3924 529 4004 post
551 3942 578 3988 a.
601 3923 701 4008 63ll2
724 3942 784 3988 non
807 3923 977 4002 occurrant,
1016 3945 1035 3990 a
1057 3925 1157 4007 poetis
1181 3924 1342 4008 daetyiieis
1364 3923 1451 3989 adhi-

331 4078 589 4090 ——...—-—.—.

433 4165 460 4230 lt
486 4127 705 4220 Denksohriften
730 4167 780 4222 der
797 4167 914 4222 Wiener
940 4167 1096 4222 Akedemie
1124 4168 1151 4222 X
1178 4168 1277 4234 (1860),
1305 4183 1330 4236 p.
1350 4167 1450 4232 1-583

329 4252 454 4305 eeterum
481 4265 572 4319 neque
598 4253 640 4306 illi
668 4253 796 4320 contigit,
825 4255 857 4307 ut
883 4254 967 4308 huius
987 4255 1084 4308 suffixi
1103 4255 1176 4316 „ier“
1197 4255 1336 4324 originem
1354 4253 1451 4321 proba·

328 4337 423 4391 biliter
447 4337 621 4404 explanaret,
649 4353 741 4406 neque
760 4340 794 4401 ei,
821 4340 869 4406 qui
887 4340 1042 4394 novissime
1060 4339 1094 4394 de
1112 4353 1146 4395 eo
1166 4342 1232 4408 egit,
1260 4338 1449 4404 Miodor‘rskio‚

328 4422 435 4476 Arehiv
451 4423 469 4476 f.
489 4423 536 4477 lat.
555 4424 704 4490 Lexieogr.
725 4424 773 4477 VH
792 4425 888 4491 (1890),
907 4439 933 4492 μ
953 4425 1010 4480 132.
