3230 5282
680 465 740 528 ’88

617 556 821 564 ——--——---

155 670 235 736 bitos
266 689 332 734 esse
364 671 464 735 aetate
495 670 590 735 etiam
613 669 815 735 Ciceroniana
837 672 869 736 et
893 670 1062 754 Augustae,
1099 689 1169 736 curn
1201 671 1280 737 Lu·

154 789 320 856 cretius
338 789 362 873 ι)
393 790 535 856 exhibeat
557 791 763 875 quadraginta
786 791 919 875 quinque
942 790 1091 873 exempla,
1127 790 1280 875 Vergilius

156 929 208 976 sex
224 910 260 995 ²),
292 911 440 976 Horatius
458 910 483 992 ³)
515 930 634 977 novem.
680 911 774 993 Apud
804 911 1090 1012 poetaslsoaenioos
1113 911 1174 976 fere
1197 932 1280 978 sem·

56 1065 59 1070 ·
156 1049 210 1112 per
231 1030 304 1095 illae
327 1031 443 1096 formae
467 1032 498 1096 in
521 1031 580 1096 fine
603 1050 748 1096 versuum
781 1032 997 1097 inveniuntur:
1035 1030 1117 1114 apud
1150 1030 1280 1096 Plau·

154 1153 239 1216 tum
272 1151 395 1235 quidem
419 1152 483 1217 fere
508 1153 622 1224 centies
646 1153 802 1236 nonagies,
836 1153 889 1217 sed
911 1153 959 1218 161·
980 1153 1103 1217 tantum
1126 1153 1157 1216 in
1179 1152 1281 1218 medio

155 1289 264 1336 versu:
302 1271 357 1338 Ba.
384 1270 475 1349 1176,
510 1272 580 1336 Cas.
603 1271 677 1350 220,
713 1272 779 1336 Mil.
807 1272 909 1350 1073;
948 1291 1044 1353 neque
1068 1290 1140 1337 casu
1163 1272 1281 1336 iactum

155 1410 222 1455 esse
246 1391 330 1473 puto,
365 1391 400 1455 ut
422 1390 456 1454 bi
479 1410 586 1457 versus
610 1392 672 1456 sint
695 1393 895 1474 anapaestici‚
933 1392 1045 1476 lyricos
1068 1393 1151 1458 enim
1173 1411 1280 1459 versus

154 1511 212 1576 bae
234 1513 265 1576 in
288 1531 320 1576 re
343 1511 474 1576 aliorum
496 1530 642 1577 versuum
664 1511 719 1576 fini
742 1513 855 1577 cretico
876 1512 993 1577 similes
1009 1512 1103 1577 fuisse
1121 1513 1279 1578 contendo.

138 1632 234 1696 ¹Item
258 1630 340 1713 apud
372 1631 542 1696 ceteros
574 1632 799 1698 scaenicos
833 1633 978 1698 infinitivi
1001 1633 1032 1697 in
1055 1634 1116 1698 -ier
1137 1635 1280 1698 exeuntes

156 1768 276 1832 semper
297 1751 329 1814 in
351 1750 412 1815 fine
435 1753 598 1833 ponuntur,
632 1755 753 1834 praeter
776 1754 850 1818 Aeo.
876 1755 938 1834 tog.
964 1753 1078 1832 9811,
1115 1773 1187 1846 nam
1210 1753 1279 1818 Ter.

155 1869 216 1935 Ad.
253 1891 281 1936 v.
320 1871 383 1934 535
400 1872 426 1954 Α)
469 1875 648 1955 corruptum
685 1891 752 1937 esse
791 1872 963 1940 Conradtus
979 1873 1002 1954 5)
1050 1873 1281 1939 demonstravit.

156 1993 356 2059 Memorabile
380 1994 428 2058 est
458 1994 608 2076 poetas
640 2013 760 2075 qaroque
792 1993 1038 2077 dactylicos
1069 1996 1169 2058 certas
1193 1994 1281 2059 sedes

157 2113 203 2178 bis
224 2114 333 2179 formis
355 2113 502 2178 obsoletis
526 2114 690 2180 tribuisse:
724 2113 807 2195 apud
829 2132 880 2179 eos
903 2113 1102 2178 inveniuntur
1124 2115 1282 2197 octoginta

156 2232 300 2316 quattuor
331 2233 470 2315 exempla
501 2231 602 2298 suffiri
637 2234 730 2311 „ier“‚
767 2251 897 2314 quorum
930 2231 1227 2316 duodeseptuaginta
1250 2234 1281 2297 in

156 2353 305 2436 quinto
342 2354 419 2436 pede
457 2353 627 2419 hexametri
660 2355 771 2438 posita,
809 2353 943 2418 sedecim
975 2352 1007 2416 in
1039 2353 1108 2418 aliis
1142 2353 1280 2436 pedibus,

155 2476 337 2557 praesertim
369 2475 401 2538 in
427 2473 580 2556 111-111161),
625 2475 661 2537 In
684 2475 776 2540 titulo
798 2474 932 2538 iambico
950 2473 974 2555 ⁷)
999 2473 1101 2537 aetate
1125 2472 1187 2537 fere
1211 2472 1282 2538 Sul·

154 2595 227 2660 lana
250 2595 387 2660 conlecto
412 2593 611 2680 „or·narie[r]“
636 2595 667 2659 in
691 2595 751 2660 fine
774 2614 880 2661 versus
904 2595 988 2659 extat
1003 2593 1041 2674 ⁸).

259 2751 296 2834 2)
336 2750 462 2828 816111,
502 2750 605 2828 siae,
644 2751 747 2828 siet,
787 2751 920 2828 sient;
966 2749 1169 2832 possiem,
1209 2748 1282 2812 ad-

156 2876 277 2951 siem,
311 2871 558 2946 intersienr,
597 2869 785 2934 subsiem
817 2872 893 2935 eto.
945 2869 1019 2935 Jarn
1051 2869 1105 2933 diu
1137 2869 1282 2935 observa-

155 2996 222 3060 tum
255 2994 302 3058 est
334 2993 413 3056 tales
451 2991 671 3065 coniunctivos,
713 2990 765 3072 qui
798 2991 976 3073 saepissime
1008 2991 1039 3054 in
1072 2991 1283 3056 scaenicorum

164 3189 280 3196 --.-—..
286 3190 398 3194 -.--—
407 3190 419 3194 -

260 3305 286 3368 1)
317 3302 355 3355 Of.
375 3302 511 3364 Staedler,
530 3302 565 3355 do
582 3315 666 3354 serm.
685 3302 795 3354 Lueret.
814 3301 903 3355 Jenae
922 3301 997 3363 1869,
1015 3317 1041 3369 p.
1061 3304 1077 3355 9
1095 3317 1136 3370 sq.

259 3390 284 3453 2)
313 3389 352 3442 of.
370 3389 484 3451 Wotke,
503 3388 621 3441 Wiener
638 3387 757 3440 Studien
776 3387 838 3440 VllI
857 3388 953 3454 (1886),
973 3403 998 3455 p.
1019 3389 1075 3442 145.

258 3476 287 3544 3)
315 3476 417 3542 Lange,
436 3475 453 3528 l.
472 3475 488 3528 l.
508 3489 533 3542 p.
552 3474 577 3527 8.

259 3561 286 3628 4)
317 3560 564 3626 „Laudarier
581 3561 611 3612 te
623 3559 701 3613 audit
715 3559 851 3612 libenter:
869 3559 943 3613 lteio
956 3561 985 3613 te
998 3561 1072 3627 apud
1084 3561 1162 3614 illum
1174 3560 1281 3614 deum.“

258 3647 285 3714 5)
313 3647 430 3700 Hermes
455 3645 482 3700 X
509 3645 607 3709 (1876),
635 3645 747 3713 p.104;
776 3658 841 3698 eum
870 3645 899 3698 ll.
919 3644 1025 3712 Stange
1051 3660 1116 3700 mes
1142 3646 1284 3700 sententia

155 3747 214 3787 non
240 3731 375 3785 refutavit
402 3733 431 3786 in
449 3731 553 3794 libello,
581 3732 629 3798 qui
648 3729 814 3785 inscribitur
844 3731 902 3794 „De
920 3731 1087 3784 archaismis
1106 3731 1282 3786 Terentianis

155 3818 277 3872 Wehlaa
296 3818 389 3880 1890“,
407 3833 433 3884 p.
452 3818 487 3872 30
505 3831 545 3884 sq.
749 3887 750 3890 Ἴ

258 3906 285 3971 6)
312 3905 455 3971 Vergilius
474 3903 592 3958 6-166111
611 3904 709 3970 quinto
729 3904 807 3970 pede,
827 3903 914 3957 semel
932 3903 961 3956 111
980 3904 1080 3970 quarto
1100 3901 1167 3970 (non
1186 3918 1283 3958 sem·

156 3993 271 4060 parm
289 3993 395 4058 quinto,
413 3993 446 4046 ut
463 3992 569 4046 Wotke
587 3991 604 4044 l.
625 3991 642 4043 l.
654 3992 679 4057 l),
706 3991 853 4046 Lucretius
871 3991 950 4045 34-61·
967 3991 997 4044 111
1016 3991 1123 4056 quinto,
1149 3991 1235 4044 11·ies
1253 3991 1283 4044 in

155 4079 258 4133 ceteris
277 4077 426 4146 (Staedler,
445 4079 463 4132 l.
482 4079 499 4131 l.
518 4093 544 4146 p.
565 4080 615 4142 10).

259 4165 287 4233 7)
314 4165 418 4218 Buecb.
437 4165 479 4226 54,
497 4165 515 4218 4
532 4164 575 4229 (=
594 4163 649 4218 om
670 4164 681 4218 l
700 4165 787 4231 1366).

260 4252 287 4314 8)
314 4252 438 4319 bangius
457 4267 520 4306 cum
539 4253 556 4306 l.
575 4252 592 4306 l.
611 4267 636 4319 p.
655 4253 689 4306 99
716 4253 877 4319 suspicatur
899 4251 928 4304 in
946 4251 1031 4304 tertio
1050 4248 1283 4304 hexametrorum

156 4337 227 4404 pede
246 4337 319 4400 „lor“
341 4352 374 4391 ea
392 4339 427 4392 de
446 4352 532 4392 causa
550 4353 607 4392 non
626 4351 782 4400 occurrere,
808 4337 883 4404 quod
914 4337 985 4401 „ier“
1015 4350 1053 4390 ex
1078 4335 1167 4399 „iere“
1189 4333 1283 4386 ortum
1326 4339 1336 4353 ’

156 4424 202 4487 sit,
220 4423 249 4477 in
268 4423 321 4478 hae
339 4437 371 4477 re
388 4438 453 4477 eum
472 4437 568 4477 errare
586 4424 649 4477 luce
667 4424 772 4478 clarius
791 4424 842 4476 est.
