3186 5282
594 1205 741 1324 Caput
767 1205 810 1298 ll.

17 1447 19 1462 '
139 1455 215 1586 lle
234 1452 463 1624 perlecti
483 1452 539 1584 11
556 1453 631 1586 -11
653 1453 903 1592 exeuntis
919 1453 1106 1586 ferinis
1123 1451 1264 1626 apud

140 1658 387 1791 Plautum
419 1664 741 1828 ceterosque
770 1662 960 1830 poetas
984 1657 1260 1824 iambicos

241 2103 287 2168 De
311 2104 350 2169 iis
373 2103 535 2168 verborum
568 2102 736 2168 latinorum
767 2103 874 2166 formis
901 2121 919 2166 a
950 2101 1084 2184 perlecto
1116 2101 1261 2167 derivatis

138 2225 173 2288 ut
204 2224 303 2320 denuo
335 2243 459 2307 agerem
490 2223 629 2288 animum
662 2223 777 2301 induxi,
812 2241 889 2304 qnae
921 2221 1061 2286 litteram
1093 2222 1261 2304 spirantem

140 2349 197 2422 ,‚v“
223 2344 272 2410 vel
294 2345 454 2409 servarunt
477 2344 526 2409 vel
548 2343 729 2421 omiserunt,
764 2361 833 2406 nam
868 2361 938 2406 cum
969 2342 999 2405 in
1033 2341 1140 2408 Plauti
1170 2361 1260 2408 usum

137 2465 332 2546 inquirerem,
356 2464 495 2528 intellexi
519 2481 588 2529 cum
612 2482 718 2528 omnes
741 2463 935 2544 quaestiones
958 2463 1178 2544 grammaticas
1193 2463 1261 2528 tum

136 2582 216 2646 hanc
237 2581 288 2646 vix
311 2581 349 2646 ad
372 2583 492 2646 eertum
526 2581 619 2645 finem
651 2581 777 2663 perduci
808 2599 906 2662 pesse,
940 2581 1105 2663 antequam
1136 2581 1261 2663 plena

136 2701 305 2765 formarum
328 2701 469 2766 collectio
492 2700 658 2784 diligenter
681 2701 855 2766 examinata
878 2701 919 2765 sit
942 2719 1038 2783 eaque
1069 2719 1125 2782 per
1155 2701 1262 2764 tem-

137 2821 253 2901 poris
286 2821 430 2904 spatia
463 2821 495 2885 ct
529 2839 684 2905 genera
714 2821 930 2885 orationis
963 2821 1092 2904 digesta.
1145 2819 1261 2900 Quam·

17 2957 21 2962 ·
135 2960 230 3022 quam
261 2959 319 3008 non
352 2961 478 3024 prorsus
511 2941 622 3007 desunt
653 2941 936 3022 commentationes,
974 2962 1051 3024 quae
1074 2941 1111 3007 de
1133 2942 1259 3024 perfect'

127 3061 242 3127 dormis
275 3063 374 3144 plenis
407 3064 439 3127 et
470 3062 660 3127 brevioribus
693 3062 800 3144 agant,
831 3061 884 3126 sed
907 3077 1023 3144 paucae
1045 3081 1115 3128 mea
1136 3063 1260 3144 quidem

135 3184 288 3248 sententia
309 3202 381 3248 vera
403 3183 523 3247 ratione
547 3183 690 3265 scriptae,
713 3201 883 3264 perpaucae
905 3181 973 3246 tota
995 3184 1157 3247 verborum
1173 3185 1261 3265 copia

134 3303 292 3386 congesta.
346 3302 433 3366 Duae
465 3300 682 3366 tantummodo
714 3301 944 3366 dissertationes
975 3301 1148 3366 laudandae
1179 3304 1259 3378 sunt,

134 3424 236 3488 altera
257 3421 390 3506 Eugenii
414 3421 635 3486 Frchwein
660 3419 742 3499 „Die
766 3421 1059 3505 Perfectbildungen
1083 3421 1137 3487 auf
1157 3423 1188 3487 vi
1211 3423 1261 3488 bei

133 3544 241 3609 Cicero
273 3541 355 3609 Gara
387 3541 502 3621 1874“‚
537 3541 591 3624 qui
623 3545 746 3606 summa
777 3541 940 3624 diligentia
971 3543 1074 3606 omnia
1107 3542 1260 3609 Ciceronis

132 3664 252 3744 scripta
290 3663 423 3746 perlegit
459 3664 491 3727 et
527 3663 630 3728 omnia
667 3663 807 3745 exempla
845 3661 1015 3726 secundum
1045 3663 1167 3727 vocales
1201 3668 1258 3739 „v“

131 3782 273 3846 litteram
297 3781 515 3863 praecedentes
539 3783 708 3864 proposuit,
742 3782 839 3846 altera
868 3781 1019 3846 Ludovici
1042 3780 1261 3847 Soheffler

132 3900 305 3983 (Theodori
328 3900 398 3964 Birt
420 3900 590 3981 discipuli),
624 3919 701 3983 quae
724 3901 904 3968 inscribitur
936 3900 1003 3978 „De
1025 3901 1154 3982 perfecti
1175 3901 1207 3965 in
1229 3901 1260 3966 vi

130 4022 274 4085 exeuntis
306 4020 412 4085 formis
444 4019 526 4102 apud
557 4021 664 4104 poetas
695 4021 810 4087 latinos
840 4021 1008 4106 dactylicos
1031 4022 1260 4087 occurrentibus

129 4141 297 4226 Marpurgi
321 4140 443 4219 1890“;
476 4141 610 4206 manime
633 4143 735 4206 autem
759 4143 791 4208 id
815 4142 912 4220 doleo,
946 4143 1026 4224 quod
1048 4160 1138 4208 nemo
1160 4143 1260 4208 adhuc

129 4264 285 4340 quantum
308 4262 371 4326 scio
394 4261 451 4326 sub
474 4279 535 4326 uno
559 4261 719 4327 oculorum
742 4265 907 4346 conspectu
932 4262 1053 4328 dicendi
1085 4281 1181 4346 genus
1203 4282 1259 4346 po·

129 4377 206 4456 suit
241 4397 300 4460 quo
332 4381 449 4462 priscae
480 4381 590 4446 aetatis
624 4381 789 4463 scriptores
821 4384 870 4448 usi
901 4384 981 4454 sunt.
1026 4383 1145 4448 Neuius
1167 4385 1259 4461 enim,

128 4496 189 4576 qui
227 4498 365 4561 omnium
404 4501 469 4572 erat
506 4500 765 4584 diligentissimus
802 4503 834 4566 in
873 4503 1113 4569 declinationum
1152 4505 1260 4570 formis

1052 4623 1088 4678 511
