3230 5282
898 565 940 630 76

816 655 1021 664 m

358 768 512 854 cogendis,
544 787 642 852 neque
672 769 797 851 plenam
819 767 981 833 materiem
1004 767 1165 850 proposuit
1187 785 1284 850 neque
1305 767 1480 850 temporum

354 889 534 956 discrimina
565 888 642 954 satis
672 889 813 970 respexit.
860 887 920 968 Qui
947 906 1027 952 nnnc
1050 887 1163 952 librum
1186 886 1363 952 Neuiannm
1385 888 1479 954 eden-

353 1010 427 1074 dnm
462 1010 551 1074 curat
581 1007 773 1092 Wagenerus
806 1025 860 1090 pro
892 1027 948 1073 sua
979 1006 1119 1072 doctrina
1149 1007 1181 1071 et
1212 1007 1372 1091 diligentia
1405 1010 1479 1092 quin

352 1130 453 1195 totam
485 1128 605 1210 copiam
637 1147 706 1194 mox
737 1129 889 1210 proponat
918 1127 1116 1209 omniumque
1147 1127 1334 1192 desiderium
1357 1129 1480 1212 expleat

354 1249 484 1314 dubium
507 1268 567 1314 non
597 1231 654 1315 est.
699 1248 783 1328 Quae
815 1250 880 1332 ipse
911 1250 974 1314 iam
1006 1249 1117 1314 abhinc
1148 1268 1200 1314 sex
1231 1269 1326 1315 annos
1357 1251 1478 1333 collegi,

353 1370 402 1434 illi
433 1388 514 1434 nunc
550 1369 720 1434 traditurus
744 1388 833 1452 spero
855 1390 905 1436 me
928 1369 967 1434 ad
991 1369 1166 1436 aedificium
1189 1373 1409 1454 grammaticae
1430 1371 1478 1436 la-

354 1489 449 1569 tinae,
480 1491 561 1574 quod
583 1510 601 1556 a
622 1491 670 1556 191
691 1491 847 1576 tantisque
870 1489 944 1556 viris
968 1493 1145 1571 exstruitur,
1179 1492 1297 1575 aliquid
1320 1511 1373 1576 pro
1396 1493 1478 1558 virili

357 1611 445 1694 parte
468 1611 663 1677 collaturum.

459 1729 537 1796 Cum
568 1730 675 1795 Plauti
707 1749 798 1795 usum
829 1731 956 1814 perlecti
988 1749 1170 1814 cognoscere
1194 1731 1359 1810 studerem,
1394 1732 1478 1796 brevi

354 1849 495 1914 intellexi
526 1868 649 1915 necesse
685 1868 751 1914 esee
786 1868 856 1914 eum
879 1869 950 1914 cum
973 1850 1042 1914 aliis
1066 1850 1267 1933 scriptoribus
1292 1869 1477 1932 comparare.

354 1967 462 2052 Neque
494 1969 644 2052 putabam
675 1947 797 2034 unicam
828 1989 860 2036 se
898 1973 1044 2054 praebere
1082 1971 1342 2053 comparationem
1373 1971 1478 2035 Plauti

356 2113 425 2160 oum
450 2091 560 2156 ceteris
583 2080 724 2154 omnibus
748 2089 950 2172 scriptoribus
974 2093 1153 2174 priscis,
1188 2093 1344 2173 praestare
1375 2091 1478 2155 censui

356 2231 428 2279 eum
451 2230 521 2278 cum
545 2211 614 2278 aliis
637 2212 778 2292 poetis
805 2211 1008 2276 iambicis
1040 2213 1212 2293 comparari
1234 2212 1266 2276 91
1288 2231 1377 2278 nsnm
1400 2212 1477 2275 iam·

355 2333 496 2398 bioorum
527 2349 623 2412 usqne
655 2330 693 2395 ad
725 2331 818 2396 finem
851 2351 875 2395 3.
908 2331 923 2394 l
954 2351 983 2412 p.
1017 2331 1087 2396 Chr.
1120 2351 1150 2394 n.
1183 2332 1333 2414 componi.
1379 2329 1476 2396 Nemo

356 2453 455 2518 nescit
476 2453 625 2536 qnantum
647 2452 678 2516 in
710 2451 882 2536 graecis
906 2451 1018 2516 litteris
1041 2450 1080 2516 ad
1102 2452 1201 2516 totam
1223 2452 1368 2517 orationis
1391 2452 1477 2516 indo-

354 2574 416 2640 lem
449 2575 583 2639 metrum
613 2574 765 2639 valuerit:
803 2574 865 2639 alia
896 2591 1020 2653 prorsus
1043 2572 1149 2653 lingua
1170 2573 1227 2651 uti,
1266 2574 1319 2655 qui
1341 2573 1478 2656 dactylos

357 2683 551 2775 componant,
583 2692 732 2771 uidemus,
774 2692 836 2756 alis
867 2692 921 2774 qui
950 2691 1069 2757 iambos
1100 2691 1308 2758 trochaeosre.
1363 2690 1478 2770 Quam-

356 2829 449 2893 quam
486 2811 519 2874 in
555 2810 670 2875 litteris
707 2811 842 2875 romanis
880 2809 1083 2876 dialectorum
1126 2811 1303 2876 italicarum
1347 2810 1478 2893 vestigia

356 2931 578 3012 captamus
610 2929 672 2994 lere
699 2929 794 3009 nulla,
826 2947 1012 3013 quamquam
1035 2933 1066 2997 91
1087 2931 1225 2997 Naevius
1249 2930 1422 3012 Campanus
1447 2933 1480 2995 91

356 3051 473 3114 Ennius
491 3049 620 3114 Calaber
642 3050 673 3114 91
695 3050 826 3115 Plautus
844 3051 960 3116 Umber
982 3052 1090 3118 eadem
1113 3071 1218 3118 omnes
1241 3053 1370 3116 utuntur
1391 3049 1478 3114 lin-

356 3172 437 3252 gud
470 3169 689 3249 Romanorum,
729 3172 783 3252 qui
818 3171 889 3236 illus
923 3173 1030 3254 gentes
1064 3173 1249 3256 subegerint,
1287 3173 1436 3236 attamen·
1455 3171 1477 3234 ii

271 3268 273 3272 ⁴
355 3292 442 3357 varia
464 3289 670 3356 adhibuerunt
700 3292 833 3356 metra
863 3293 894 3356 91
925 3294 994 3375 quis
1025 3293 1152 3376 negabit
1182 3295 1316 3358 metrum
1348 3292 1478 3358 orationi

357 3413 480 3480 vincula
502 3413 660 3495 imponere
688 3431 781 3496 quam
811 3413 1004 3496 gravissimu,
1037 3413 1218 3494 praesertim
1250 3431 1310 3494 qno
1341 3411 1478 3492 tempore

356 3531 543 3596 incunabula
574 3533 637 3598 sint
666 3532 851 3597 litterarum.
905 3531 1056 3598 Omnibus
1093 3533 1201 3598 notum
1235 3532 1290 3611 est,
1329 3530 1477 3614 quantum

358 3653 476 3718 Ennius
498 3652 637 3736 linguam
667 3653 797 3718 latinam
829 3653 1074 3733 commutaverit,
1109 3673 1179 3718 cum
1211 3671 1279 3718 eam
1310 3651 1477 3718 hexametri

356 3775 478 3858 legibus
501 3774 746 3840 accommodaret
763 3772 798 3857 ¹).
844 3775 888 3838 lix
909 3774 957 3852 iis,
991 3774 1044 3855 qni
1067 3774 1104 3838 de
1127 3793 1164 3838 ea
1186 3793 1219 3840 re
1243 3773 1379 3858 egerunt,
1410 3773 1477 3836 lan-

362 3967 617 3974 Ἥ...

461 4089 487 4152 1)
514 4087 636 4141 Ennium
662 4087 788 4154 linguam
815 4086 930 4139 latinam
955 4084 1036 4152 quasi
1053 4097 1171 4136 necasse
1188 4082 1411 4137 Romanensium
1428 4082 1477 4135 lin·

357 4187 477 4242 gnarum
504 4174 587 4240 periti
615 4173 718 4226 dicunt.
755 4172 786 4225 Si
811 4172 918 4225 Ennius
945 4184 1002 4224 non
1028 4169 1205 4234 hexametro,
1234 4169 1284 4223 sed
1310 4169 1366 4222 alio
1388 4169 1477 4222 metro

358 4260 483 4328 quolibet
501 4260 616 4314 annales
635 4259 849 4325 composuisset,
876 4259 956 4312 velut
973 4259 1109 4320 saturnio,
1136 4257 1233 4311 multis
1260 4257 1290 4310 in
1316 4255 1400 4308 rebus
1424 4253 1480 4307 alia

359 4349 435 4400 esset
453 4347 549 4414 lingua
568 4345 711 4401 Ciceronis
731 4359 764 4399 ac
782 4358 853 4412 quae
871 4359 946 4398 nunc
965 4346 1053 4398 extat.
1090 4344 1217 4398 Revera
1240 4342 1347 4395 Ennius
1374 4339 1479 4393 violen-

357 4434 485 4486 tissimus
521 4435 660 4500 tyrannus
697 4432 856 4486 libertatern
894 4431 1008 4498 linguae
1044 4432 1147 4498 eripuit
1175 4430 1340 4496 severisque
1369 4426 1479 4494 legibus

357 4519 518 4574 destrinxit.
