<?xml version="1.0" encoding="UTF-8"?>
<!DOCTYPE html PUBLIC "-//W3C//DTD XHTML 1.0 Transitional//EN"
    "http://www.w3.org/TR/xhtml1/DTD/xhtml1-transitional.dtd">
<html xmlns="http://www.w3.org/1999/xhtml" xml:lang="en" lang="en">
 <head>
  <title>
</title>
<meta http-equiv="Content-Type" content="text/html;charset=utf-8" />
  <meta name='ocr-system' content='tesseract 3.04.00' />
  <meta name='ocr-capabilities' content='ocr_page ocr_carea ocr_par ocr_line ocrx_word'/>
</head>
<body>
  <div class='ocr_page' id='page_1' title='image "./quaestionumgram01brocgoog_0220.png"; bbox 0 0 3252 5274; ppageno 0'>
   <div class='ocr_carea' id='block_1_1' title="bbox 826 513 887 580">
    <p class='ocr_par' dir='ltr' id='par_1_1' title="bbox 826 513 887 580">
     <span class='ocr_line' id='line_1_1' title="bbox 826 513 887 580; baseline 0.049 -3"><span class='ocrx_word' id='word_1_1' title='bbox 826 513 887 580; x_wconf 86' lang='grc'>174</span> 
     </span>
    </p>
   </div>
   <div class='ocr_carea' id='block_1_2' title="bbox 757 603 961 614">
    <p class='ocr_par' dir='ltr' id='par_1_2' title="bbox 757 603 961 614">
     <span class='ocr_line' id='line_1_2' title="bbox 757 603 961 614; baseline -0.005 -1"><span class='ocrx_word' id='word_1_2' title='bbox 757 603 961 614; x_wconf 75' lang='lat'>———--————</span> 
     </span>
    </p>
   </div>
   <div class='ocr_carea' id='block_1_3' title="bbox 299 719 1425 1046">
    <p class='ocr_par' dir='ltr' id='par_1_3' title="bbox 299 719 1425 1046">
     <span class='ocr_line' id='line_1_3' title="bbox 402 719 1425 804; baseline -0.004 -16"><span class='ocrx_word' id='word_1_3' title='bbox 402 724 451 788; x_wconf 87' lang='lat' dir='ltr'>Ad</span> <span class='ocrx_word' id='word_1_4' title='bbox 473 724 528 789; x_wconf 90' lang='lat' dir='ltr'>hos</span> <span class='ocrx_word' id='word_1_5' title='bbox 551 741 668 801; x_wconf 81' lang='lat' dir='ltr'>versus,</span> <span class='ocrx_word' id='word_1_6' title='bbox 692 723 745 804; x_wconf 89' lang='lat' dir='ltr'>qui</span> <span class='ocrx_word' id='word_1_7' title='bbox 760 721 898 788; x_wconf 79' lang='lat' dir='ltr'>Reicieni</span> <span class='ocrx_word' id='word_1_8' title='bbox 917 720 1072 798; x_wconf 79' lang='lat' dir='ltr'>dicuntur,</span> <span class='ocrx_word' id='word_1_9' title='bbox 1097 719 1303 784; x_wconf 86' lang='lat' dir='ltr'>emendandos</span> <span class='ocrx_word' id='word_1_10' title='bbox 1327 720 1425 785; x_wconf 89' lang='lat' dir='ltr'>nubes</span> 
     </span>
     <span class='ocr_line' id='line_1_4' title="bbox 299 826 1422 922; baseline -0.004 -13"><span class='ocrx_word' id='word_1_11' title='bbox 299 845 545 912; x_wconf 83' lang='lat' dir='ltr'>coniecturarum</span> <span class='ocrx_word' id='word_1_12' title='bbox 577 843 690 909; x_wconf 81' lang='lat' dir='ltr'>collate</span> <span class='ocrx_word' id='word_1_13' title='bbox 712 844 759 907; x_wconf 85' lang='lat' dir='ltr'>est</span> <span class='ocrx_word' id='word_1_14' title='bbox 781 843 879 920; x_wconf 83' lang='lat' dir='ltr'>tonte,</span> <span class='ocrx_word' id='word_1_15' title='bbox 911 841 947 906; x_wconf 89' lang='lat' dir='ltr'>nt</span> <span class='ocrx_word' id='word_1_16' title='bbox 978 841 1117 922; x_wconf 81' lang='lat' dir='ltr'>singulas</span> <span class='ocrx_word' id='word_1_17' title='bbox 1150 826 1330 906; x_wconf 77' lang='lat' dir='ltr'>enurrrerare</span> <span class='ocrx_word' id='word_1_18' title='bbox 1363 859 1422 904; x_wconf 92' lang='lat' dir='ltr'>non</span> 
     </span>
     <span class='ocr_line' id='line_1_5' title="bbox 299 959 1425 1046; baseline -0.003 -19"><span class='ocrx_word' id='word_1_19' title='bbox 299 963 425 1046; x_wconf 85' lang='lat' dir='ltr'>possim.</span> <span class='ocrx_word' id='word_1_20' title='bbox 479 962 594 1027; x_wconf 87' lang='lat' dir='ltr'>Versus</span> <span class='ocrx_word' id='word_1_21' title='bbox 625 961 750 1044; x_wconf 88' lang='lat' dir='ltr'>quidem</span> <span class='ocrx_word' id='word_1_22' title='bbox 781 960 853 1039; x_wconf 82' lang='lat'>445,</span> <span class='ocrx_word' id='word_1_23' title='bbox 892 961 919 1026; x_wconf 93' lang='lat' dir='ltr'>si</span> <span class='ocrx_word' id='word_1_24' title='bbox 953 959 1052 1037; x_wconf 77' lang='lat' dir='ltr'>„nisi“</span> <span class='ocrx_word' id='word_1_25' title='bbox 1091 977 1253 1042; x_wconf 70' lang='lat' dir='ltr'>ponamus</span> <span class='ocrx_word' id='word_1_26' title='bbox 1287 959 1425 1042; x_wconf 87' lang='lat' dir='ltr'>optimus</span> 
     </span>
    </p>
   </div>
   <div class='ocr_carea' id='block_1_4' title="bbox 188 1078 1425 1172">
    <p class='ocr_par' dir='ltr' id='par_1_4' title="bbox 188 1078 1425 1172">
     <span class='ocr_line' id='line_1_6' title="bbox 188 1078 1425 1172; baseline -0.002 -28"><span class='ocrx_word' id='word_1_27' title='bbox 188 1165 191 1172; x_wconf 90' lang='lat'>.</span> <span class='ocrx_word' id='word_1_28' title='bbox 301 1083 390 1161; x_wconf 76' lang='lat' dir='ltr'>ossei,</span> <span class='ocrx_word' id='word_1_29' title='bbox 422 1083 454 1148; x_wconf 90' lang='lat' dir='ltr'>ni</span> <span class='ocrx_word' id='word_1_30' title='bbox 487 1083 559 1160; x_wconf 88' lang='lat' dir='ltr'>„te“</span> <span class='ocrx_word' id='word_1_31' title='bbox 582 1082 614 1146; x_wconf 90' lang='lat' dir='ltr'>et</span> <span class='ocrx_word' id='word_1_32' title='bbox 635 1081 758 1164; x_wconf 85' lang='lat' dir='ltr'>longius</span> <span class='ocrx_word' id='word_1_33' title='bbox 790 1098 808 1144; x_wconf 84' lang='lat' dir='ltr'>e</span> <span class='ocrx_word' id='word_1_34' title='bbox 838 1080 930 1145; x_wconf 88' lang='lat' dir='ltr'>verbo</span> <span class='ocrx_word' id='word_1_35' title='bbox 962 1079 1114 1144; x_wconf 85' lang='lat' dir='ltr'>enuntiati</span> <span class='ocrx_word' id='word_1_36' title='bbox 1146 1079 1286 1161; x_wconf 86' lang='lat' dir='ltr'>primarii</span> <span class='ocrx_word' id='word_1_37' title='bbox 1318 1078 1425 1143; x_wconf 85' lang='lat' dir='ltr'>abesse</span> 
     </span>
    </p>
   </div>
   <div class='ocr_carea' id='block_1_5' title="bbox 300 1198 1529 1887">
    <p class='ocr_par' dir='ltr' id='par_1_5' title="bbox 300 1198 1529 1887">
     <span class='ocr_line' id='line_1_7' title="bbox 300 1198 1424 1282; baseline -0.004 -16"><span class='ocrx_word' id='word_1_38' title='bbox 300 1202 457 1270; x_wconf 86' lang='lat' dir='ltr'>videretur</span> <span class='ocrx_word' id='word_1_39' title='bbox 479 1205 510 1268; x_wconf 92' lang='lat' dir='ltr'>et</span> <span class='ocrx_word' id='word_1_40' title='bbox 532 1221 550 1267; x_wconf 81' lang='lat' dir='ltr'>a</span> <span class='ocrx_word' id='word_1_41' title='bbox 573 1201 674 1266; x_wconf 87' lang='lat' dir='ltr'>Nonio</span> <span class='ocrx_word' id='word_1_42' title='bbox 697 1202 788 1282; x_wconf 85' lang='lat' dir='ltr'>atque</span> <span class='ocrx_word' id='word_1_43' title='bbox 810 1199 947 1265; x_wconf 85' lang='lat' dir='ltr'>Varrone</span> <span class='ocrx_word' id='word_1_44' title='bbox 969 1200 1001 1264; x_wconf 89' lang='lat' dir='ltr'>in</span> <span class='ocrx_word' id='word_1_45' title='bbox 1026 1219 1054 1264; x_wconf 87' lang='lat' dir='ltr'>v.</span> <span class='ocrx_word' id='word_1_46' title='bbox 1071 1198 1134 1262; x_wconf 87' lang='grc'>446</span> <span class='ocrx_word' id='word_1_47' title='bbox 1150 1199 1301 1264; x_wconf 85' lang='lat' dir='ltr'>traditum</span> <span class='ocrx_word' id='word_1_48' title='bbox 1324 1201 1424 1274; x_wconf 86' lang='lat' dir='ltr'>esset;</span> 
     </span>
     <span class='ocr_line' id='line_1_8' title="bbox 300 1317 1424 1407; baseline -0.008 -18"><span class='ocrx_word' id='word_1_49' title='bbox 300 1343 360 1407; x_wconf 83' lang='lat' dir='ltr'>qua</span> <span class='ocrx_word' id='word_1_50' title='bbox 382 1323 419 1388; x_wconf 91' lang='lat' dir='ltr'>de</span> <span class='ocrx_word' id='word_1_51' title='bbox 442 1340 626 1388; x_wconf 82' lang='lat' dir='ltr'>causacum</span> <span class='ocrx_word' id='word_1_52' title='bbox 650 1319 830 1406; x_wconf 81' lang='lat' dir='ltr'>[Ussingio],</span> <span class='ocrx_word' id='word_1_53' title='bbox 858 1318 984 1385; x_wconf 81' lang='lat' dir='ltr'>Goetrio</span> <span class='ocrx_word' id='word_1_54' title='bbox 1008 1319 1109 1384; x_wconf 81' lang='lat' dir='ltr'>Leone</span> <span class='ocrx_word' id='word_1_55' title='bbox 1132 1319 1278 1404; x_wconf 81' lang='lat' dir='ltr'>Langeno</span> <span class='ocrx_word' id='word_1_56' title='bbox 1301 1317 1424 1395; x_wconf 80' lang='lat' dir='ltr'>faciem,</span> 
     </span>
     <span class='ocr_line' id='line_1_9' title="bbox 301 1419 1529 1527; baseline -0.007 -17"><span class='ocrx_word' id='word_1_57' title='bbox 301 1446 352 1527; x_wconf 91' lang='lat' dir='ltr'>qui</span> <span class='ocrx_word' id='word_1_58' title='bbox 387 1446 458 1524; x_wconf 88' lang='lat' dir='ltr'>„te“</span> <span class='ocrx_word' id='word_1_59' title='bbox 488 1445 522 1508; x_wconf 88' lang='lat' dir='ltr'>in</span> <span class='ocrx_word' id='word_1_60' title='bbox 555 1443 640 1522; x_wconf 86' lang='lat' dir='ltr'>„uti“</span> <span class='ocrx_word' id='word_1_61' title='bbox 673 1442 853 1520; x_wconf 85' lang='lat' dir='ltr'>mutarunt;</span> <span class='ocrx_word' id='word_1_62' title='bbox 888 1441 974 1518; x_wconf 84' lang='lat' dir='ltr'>„uti“</span> <span class='ocrx_word' id='word_1_63' title='bbox 1007 1459 1080 1504; x_wconf 86' lang='lat' dir='ltr'>sene</span> <span class='ocrx_word' id='word_1_64' title='bbox 1112 1439 1324 1522; x_wconf 80' lang='lat' dir='ltr'><strong>exspectamus</strong></span> <span class='ocrx_word' id='word_1_65' title='bbox 1356 1439 1428 1520; x_wconf 89' lang='lat' dir='ltr'>post</span> <span class='ocrx_word' id='word_1_66' title='bbox 1526 1419 1529 1426; x_wconf 43' lang='grc'><strong>“</strong></span> 
     </span>
     <span class='ocr_line' id='line_1_10' title="bbox 301 1559 1422 1646; baseline -0.007 -16"><span class='ocrx_word' id='word_1_67' title='bbox 301 1564 402 1643; x_wconf 85' lang='lat' dir='ltr'>verbe,</span> <span class='ocrx_word' id='word_1_68' title='bbox 447 1582 525 1646; x_wconf 86' lang='lat' dir='ltr'>quae</span> <span class='ocrx_word' id='word_1_69' title='bbox 562 1562 765 1628; x_wconf 81' lang='lat' dir='ltr'>antecedunt:</span> <span class='ocrx_word' id='word_1_70' title='bbox 812 1561 882 1640; x_wconf 80' lang='lat' dir='ltr'>„Ite</span> <span class='ocrx_word' id='word_1_71' title='bbox 918 1578 967 1624; x_wconf 89' lang='lat' dir='ltr'>me</span> <span class='ocrx_word' id='word_1_72' title='bbox 1012 1560 1088 1625; x_wconf 92' lang='lat' dir='ltr'>bene</span> <span class='ocrx_word' id='word_1_73' title='bbox 1134 1560 1217 1624; x_wconf 85' lang='lat' dir='ltr'>amet</span> <span class='ocrx_word' id='word_1_74' title='bbox 1254 1559 1422 1624; x_wconf 81' lang='lat' dir='ltr'>Laverne.“</span> 
     </span>
     <span class='ocr_line' id='line_1_11' title="bbox 301 1679 1427 1762; baseline -0.003 -16"><span class='ocrx_word' id='word_1_75' title='bbox 301 1685 401 1748; x_wconf 87' lang='lat' dir='ltr'>Versu</span> <span class='ocrx_word' id='word_1_76' title='bbox 431 1682 527 1748; x_wconf 83' lang='lat' dir='ltr'>altero</span> <span class='ocrx_word' id='word_1_77' title='bbox 549 1682 694 1747; x_wconf 85' lang='lat' dir='ltr'>Varronis</span> <span class='ocrx_word' id='word_1_78' title='bbox 725 1681 902 1745; x_wconf 87' lang='lat' dir='ltr'>testimonio</span> <span class='ocrx_word' id='word_1_79' title='bbox 936 1680 1119 1762; x_wconf 84' lang='lat' dir='ltr'>gravissimo</span> <span class='ocrx_word' id='word_1_80' title='bbox 1151 1679 1215 1744; x_wconf 85' lang='lat' dir='ltr'>nixi</span> <span class='ocrx_word' id='word_1_81' title='bbox 1249 1681 1320 1757; x_wconf 85' lang='lat' dir='ltr'>„te“</span> <span class='ocrx_word' id='word_1_82' title='bbox 1352 1679 1427 1761; x_wconf 87' lang='lat' dir='ltr'>post</span> 
     </span>
     <span class='ocr_line' id='line_1_12' title="bbox 305 1799 1328 1887; baseline -0.006 -19"><span class='ocrx_word' id='word_1_83' title='bbox 305 1803 484 1887; x_wconf 82' lang='lat' dir='ltr'>„pipulum“</span> <span class='ocrx_word' id='word_1_84' title='bbox 509 1803 688 1880; x_wconf 79' lang='lat' dir='ltr'>inseremus,</span> <span class='ocrx_word' id='word_1_85' title='bbox 712 1802 780 1866; x_wconf 89' lang='lat' dir='ltr'>tum</span> <span class='ocrx_word' id='word_1_86' title='bbox 802 1801 933 1866; x_wconf 81' lang='lat' dir='ltr'>ultorem</span> <span class='ocrx_word' id='word_1_87' title='bbox 956 1800 1076 1882; x_wconf 81' lang='lat' dir='ltr'>partem</span> <span class='ocrx_word' id='word_1_88' title='bbox 1099 1800 1144 1864; x_wconf 90' lang='lat' dir='ltr'>sio</span> <span class='ocrx_word' id='word_1_89' title='bbox 1166 1799 1328 1884; x_wconf 83' lang='lat' dir='ltr'>legemus:</span> 
     </span>
    </p>
   </div>
   <div class='ocr_carea' id='block_1_6' title="bbox 656 1936 1068 2020">
    <p class='ocr_par' dir='ltr' id='par_1_6' title="bbox 656 1936 1068 2020">
     <span class='ocr_line' id='line_1_13' title="bbox 656 1936 1068 2020; baseline -0.005 0"><span class='ocrx_word' id='word_1_90' title='bbox 656 1958 687 2020; x_wconf 88' lang='lat' dir='ltr'>te</span> <span class='ocrx_word' id='word_1_91' title='bbox 710 1936 850 2020; x_wconf 75' lang='lat' dir='ltr'>differem</span> <span class='ocrx_word' id='word_1_92' title='bbox 873 1953 945 2018; x_wconf 75' lang='lat' dir='ltr'>tute</span> <span class='ocrx_word' id='word_1_93' title='bbox 968 1954 1068 2020; x_wconf 83' lang='lat' dir='ltr'>aedes.</span> 
     </span>
    </p>
   </div>
   <div class='ocr_carea' id='block_1_7' title="bbox 304 2107 1427 2313">
    <p class='ocr_par' dir='ltr' id='par_1_7' title="bbox 304 2107 1427 2313">
     <span class='ocr_line' id='line_1_14' title="bbox 406 2107 1427 2194; baseline -0.005 -17"><span class='ocrx_word' id='word_1_94' title='bbox 406 2113 450 2178; x_wconf 87' lang='lat' dir='ltr'>At</span> <span class='ocrx_word' id='word_1_95' title='bbox 471 2112 602 2194; x_wconf 87' lang='lat' dir='ltr'><strong>primam</strong></span> <span class='ocrx_word' id='word_1_96' title='bbox 634 2128 740 2175; x_wconf 84' lang='lat' dir='ltr'>versus</span> <span class='ocrx_word' id='word_1_97' title='bbox 771 2109 891 2191; x_wconf 85' lang='lat' dir='ltr'>partem</span> <span class='ocrx_word' id='word_1_98' title='bbox 923 2108 1005 2173; x_wconf 90' lang='lat' dir='ltr'>houd</span> <span class='ocrx_word' id='word_1_99' title='bbox 1037 2109 1099 2172; x_wconf 89' lang='lat' dir='ltr'>scio</span> <span class='ocrx_word' id='word_1_100' title='bbox 1126 2127 1166 2172; x_wconf 86' lang='lat' dir='ltr'>on</span> <span class='ocrx_word' id='word_1_101' title='bbox 1188 2126 1249 2173; x_wconf 90' lang='lat' dir='ltr'>non</span> <span class='ocrx_word' id='word_1_102' title='bbox 1271 2107 1427 2190; x_wconf 88' lang='lat' dir='ltr'>possimus</span> 
     </span>
     <span class='ocr_line' id='line_1_15' title="bbox 304 2229 1081 2313; baseline -0.005 -16"><span class='ocrx_word' id='word_1_103' title='bbox 304 2255 374 2298; x_wconf 85' lang='lat' dir='ltr'>cum</span> <span class='ocrx_word' id='word_1_104' title='bbox 396 2233 530 2312; x_wconf 79' lang='lat' dir='ltr'>Klotzio,</span> <span class='ocrx_word' id='word_1_105' title='bbox 554 2232 647 2297; x_wconf 89' lang='lat' dir='ltr'>Metr.</span> <span class='ocrx_word' id='word_1_106' title='bbox 670 2251 700 2313; x_wconf 89' lang='lat' dir='ltr'>p.</span> <span class='ocrx_word' id='word_1_107' title='bbox 723 2229 786 2294; x_wconf 81' lang='lat'>523</span> <span class='ocrx_word' id='word_1_108' title='bbox 809 2230 853 2294; x_wconf 86' lang='lat' dir='ltr'>sie</span> <span class='ocrx_word' id='word_1_109' title='bbox 876 2230 1081 2296; x_wconf 88' lang='lat' dir='ltr'>constituere:</span> 
     </span>
    </p>
   </div>
   <div class='ocr_carea' id='block_1_8' title="bbox 646 2363 1076 2468">
    <p class='ocr_par' dir='ltr' id='par_1_8' title="bbox 646 2363 1076 2468">
     <span class='ocr_line' id='line_1_16' title="bbox 646 2363 1076 2468; baseline 0.009 -19"><span class='ocrx_word' id='word_1_110' title='bbox 646 2375 729 2450; x_wconf 85' lang='lat' dir='ltr'>Mihi</span> <span class='ocrx_word' id='word_1_111' title='bbox 750 2363 828 2450; x_wconf 63' lang='lat' dir='ltr'>vesei</span> <span class='ocrx_word' id='word_1_112' title='bbox 849 2385 937 2452; x_wconf 84' lang='lat' dir='ltr'>iirbes</span> <span class='ocrx_word' id='word_1_113' title='bbox 960 2367 1076 2468; x_wconf 78' lang='lat' dir='ltr'>pipere,</span> 
     </span>
    </p>
   </div>
   <div class='ocr_carea' id='block_1_9' title="bbox 304 2539 1428 2861">
    <p class='ocr_par' dir='ltr' id='par_1_9' title="bbox 304 2539 1428 2861">
     <span class='ocr_line' id='line_1_17' title="bbox 305 2539 1427 2623; baseline 0.004 -23"><span class='ocrx_word' id='word_1_114' title='bbox 305 2555 376 2602; x_wconf 84' lang='lat' dir='ltr'>nam</span> <span class='ocrx_word' id='word_1_115' title='bbox 397 2539 532 2621; x_wconf 89' lang='lat' dir='ltr'>primum</span> <span class='ocrx_word' id='word_1_116' title='bbox 563 2539 689 2622; x_wconf 82' lang='lat' dir='ltr'>quidem</span> <span class='ocrx_word' id='word_1_117' title='bbox 710 2539 826 2604; x_wconf 87' lang='lat' dir='ltr'>thesim</span> <span class='ocrx_word' id='word_1_118' title='bbox 851 2539 882 2604; x_wconf 89' lang='lat' dir='ltr'>et</span> <span class='ocrx_word' id='word_1_119' title='bbox 904 2541 982 2604; x_wconf 86' lang='lat' dir='ltr'>arsis</span> <span class='ocrx_word' id='word_1_120' title='bbox 1009 2540 1128 2605; x_wconf 86' lang='lat' dir='ltr'>solutae</span> <span class='ocrx_word' id='word_1_121' title='bbox 1152 2540 1271 2623; x_wconf 84' lang='lat' dir='ltr'>portem</span> <span class='ocrx_word' id='word_1_122' title='bbox 1294 2540 1427 2622; x_wconf 82' lang='lat' dir='ltr'>priorem</span> 
     </span>
     <span class='ocr_line' id='line_1_18' title="bbox 304 2658 1428 2744; baseline 0.001 -21"><span class='ocrx_word' id='word_1_123' title='bbox 304 2658 457 2724; x_wconf 83' lang='lat' dir='ltr'>trochaico</span> <span class='ocrx_word' id='word_1_124' title='bbox 480 2659 572 2724; x_wconf 91' lang='lat' dir='ltr'>verbo</span> <span class='ocrx_word' id='word_1_125' title='bbox 595 2660 716 2742; x_wconf 80' lang='lat' dir='ltr'>explere</span> <span class='ocrx_word' id='word_1_126' title='bbox 747 2679 807 2726; x_wconf 91' lang='lat' dir='ltr'>non</span> <span class='ocrx_word' id='word_1_127' title='bbox 829 2659 919 2724; x_wconf 90' lang='lat' dir='ltr'>licuit</span> <span class='ocrx_word' id='word_1_128' title='bbox 942 2662 1061 2742; x_wconf 85' lang='lat' dir='ltr'>praeter</span> <span class='ocrx_word' id='word_1_129' title='bbox 1084 2661 1263 2744; x_wconf 83' lang='lat' dir='ltr'>primum</span> <span class='ocrx_word' id='word_1_130' title='bbox 1293 2661 1428 2728; x_wconf 85' lang='lat' dir='ltr'>senario·</span> 
     </span>
     <span class='ocr_line' id='line_1_19' title="bbox 304 2779 1231 2861; baseline 0.005 -21"><span class='ocrx_word' id='word_1_131' title='bbox 304 2798 372 2844; x_wconf 89' lang='lat' dir='ltr'>rum</span> <span class='ocrx_word' id='word_1_132' title='bbox 395 2779 523 2861; x_wconf 87' lang='lat' dir='ltr'>pedem;</span> <span class='ocrx_word' id='word_1_133' title='bbox 553 2779 644 2844; x_wconf 89' lang='lat' dir='ltr'>licuit</span> <span class='ocrx_word' id='word_1_134' title='bbox 665 2780 746 2844; x_wconf 89' lang='lat' dir='ltr'>enim</span> <span class='ocrx_word' id='word_1_135' title='bbox 769 2781 878 2861; x_wconf 86' lang='lat' dir='ltr'>poetae</span> <span class='ocrx_word' id='word_1_136' title='bbox 901 2800 1024 2846; x_wconf 88' lang='lat' dir='ltr'>versum</span> <span class='ocrx_word' id='word_1_137' title='bbox 1047 2782 1091 2847; x_wconf 93' lang='lat' dir='ltr'>sic</span> <span class='ocrx_word' id='word_1_138' title='bbox 1115 2781 1231 2847; x_wconf 89' lang='lat' dir='ltr'>ordiri:</span> 
     </span>
    </p>
   </div>
   <div class='ocr_carea' id='block_1_10' title="bbox 306 2913 1176 3330">
    <p class='ocr_par' dir='ltr' id='par_1_10' title="bbox 306 2913 1176 3330">
     <span class='ocr_line' id='line_1_20' title="bbox 766 2913 961 3013; baseline 0.021 -17"><span class='ocrx_word' id='word_1_139' title='bbox 766 2913 873 2999; x_wconf 77' lang='lat' dir='ltr'>norst</span> <span class='ocrx_word' id='word_1_140' title='bbox 893 2935 961 3013; x_wconf 81' lang='lat' dir='ltr'>on,</span> 
     </span>
     <span class='ocr_line' id='line_1_21' title="bbox 306 3087 1176 3171; baseline 0.005 -19"><span class='ocrx_word' id='word_1_141' title='bbox 306 3105 492 3170; x_wconf 85' lang='lat' dir='ltr'>quemquem</span> <span class='ocrx_word' id='word_1_142' title='bbox 514 3087 547 3152; x_wconf 85' lang='lat' dir='ltr'>id</span> <span class='ocrx_word' id='word_1_143' title='bbox 569 3106 689 3171; x_wconf 88' lang='lat' dir='ltr'>quoque</span> <span class='ocrx_word' id='word_1_144' title='bbox 711 3107 814 3154; x_wconf 85' lang='lat' dir='ltr'>rarum</span> <span class='ocrx_word' id='word_1_145' title='bbox 837 3091 893 3168; x_wconf 80' lang='lat' dir='ltr'>est</span> <span class='ocrx_word' id='word_1_146' title='bbox 918 3110 977 3156; x_wconf 90' lang='lat' dir='ltr'>non</span> <span class='ocrx_word' id='word_1_147' title='bbox 1001 3092 1091 3158; x_wconf 89' lang='lat' dir='ltr'>licuit</span> <span class='ocrx_word' id='word_1_148' title='bbox 1113 3092 1176 3156; x_wconf 88' lang='lat' dir='ltr'>sic:</span> 
     </span>
     <span class='ocr_line' id='line_1_22' title="bbox 667 3223 1066 3330; baseline 0.008 -23"><span class='ocrx_word' id='word_1_149' title='bbox 667 3243 709 3308; x_wconf 80' lang='lat' dir='ltr'>ur</span> <span class='ocrx_word' id='word_1_150' title='bbox 730 3245 811 3309; x_wconf 73' lang='lat' dir='ltr'>none</span> <span class='ocrx_word' id='word_1_151' title='bbox 834 3223 937 3310; x_wconf 75' lang='lat' dir='ltr'>morri</span> <span class='ocrx_word' id='word_1_152' title='bbox 958 3245 1017 3312; x_wconf 81' lang='lat' dir='ltr'>nor</span> <span class='ocrx_word' id='word_1_153' title='bbox 1031 3245 1066 3330; x_wconf 81' lang='grc'>1).</span> 
     </span>
    </p>
   </div>
   <div class='ocr_carea' id='block_1_11' title="bbox 306 3387 1442 3846">
    <p class='ocr_par' dir='ltr' id='par_1_11' title="bbox 306 3387 1442 3846">
     <span class='ocr_line' id='line_1_23' title="bbox 408 3387 1436 3483; baseline 0.006 -25"><span class='ocrx_word' id='word_1_154' title='bbox 408 3395 502 3460; x_wconf 90' lang='lat' dir='ltr'>Porro</span> <span class='ocrx_word' id='word_1_155' title='bbox 522 3387 640 3474; x_wconf 59' lang='lat' dir='ltr'>„minu</span> <span class='ocrx_word' id='word_1_156' title='bbox 665 3399 798 3481; x_wconf 89' lang='lat' dir='ltr'>primo</span> <span class='ocrx_word' id='word_1_157' title='bbox 819 3399 897 3482; x_wconf 87' lang='lat' dir='ltr'>pede</span> <span class='ocrx_word' id='word_1_158' title='bbox 920 3418 1009 3466; x_wconf 79' lang='lat' dir='ltr'>aures</span> <span class='ocrx_word' id='word_1_159' title='bbox 1032 3399 1178 3465; x_wconf 86' lang='lat' dir='ltr'>offendit:</span> <span class='ocrx_word' id='word_1_160' title='bbox 1201 3399 1282 3466; x_wconf 87' lang='lat' dir='ltr'>inter</span> <span class='ocrx_word' id='word_1_161' title='bbox 1303 3401 1436 3483; x_wconf 74' lang='lat' dir='ltr'>septus--</span> 
     </span>
     <span class='ocr_line' id='line_1_24' title="bbox 306 3514 1442 3612; baseline 0.007 -35"><span class='ocrx_word' id='word_1_162' title='bbox 306 3514 393 3594; x_wconf 76' lang='lat' dir='ltr'>ginta</span> <span class='ocrx_word' id='word_1_163' title='bbox 415 3514 478 3580; x_wconf 88' lang='lat' dir='ltr'>fere</span> <span class='ocrx_word' id='word_1_164' title='bbox 500 3535 660 3583; x_wconf 84' lang='lat' dir='ltr'>mensurae</span> <span class='ocrx_word' id='word_1_165' title='bbox 682 3518 831 3584; x_wconf 80' lang='lat' dir='ltr'>iembicno</span> <span class='ocrx_word' id='word_1_166' title='bbox 854 3537 964 3585; x_wconf 85' lang='lat' dir='ltr'>vocum</span> <span class='ocrx_word' id='word_1_167' title='bbox 988 3520 1076 3600; x_wconf 78' lang='lat' dir='ltr'>mihi,</span> <span class='ocrx_word' id='word_1_168' title='bbox 1108 3521 1178 3601; x_wconf 81' lang='lat' dir='ltr'>tibi,</span> <span class='ocrx_word' id='word_1_169' title='bbox 1206 3521 1268 3585; x_wconf 81' lang='lat' dir='ltr'>sibi</span> <span class='ocrx_word' id='word_1_170' title='bbox 1289 3521 1442 3612; x_wconf 86' lang='lat' dir='ltr'>exempla-</span> 
     </span>
     <span class='ocr_line' id='line_1_25' title="bbox 307 3634 1429 3724; baseline 0.007 -26"><span class='ocrx_word' id='word_1_171' title='bbox 307 3654 325 3698; x_wconf 85' lang='lat' dir='ltr'>o</span> <span class='ocrx_word' id='word_1_172' title='bbox 346 3634 529 3720; x_wconf 88' lang='lat' dir='ltr'>Niemeyero</span> <span class='ocrx_word' id='word_1_173' title='bbox 540 3636 565 3721; x_wconf 85' lang='lat'>²)</span> <span class='ocrx_word' id='word_1_174' title='bbox 589 3638 717 3704; x_wconf 84' lang='lat' dir='ltr'>collecta</span> <span class='ocrx_word' id='word_1_175' title='bbox 741 3640 862 3705; x_wconf 89' lang='lat' dir='ltr'>nullum</span> <span class='ocrx_word' id='word_1_176' title='bbox 884 3659 1006 3706; x_wconf 86' lang='lat' dir='ltr'>versum</span> <span class='ocrx_word' id='word_1_177' title='bbox 1030 3641 1179 3724; x_wconf 82' lang='lat' dir='ltr'>(exceptis</span> <span class='ocrx_word' id='word_1_178' title='bbox 1198 3661 1271 3707; x_wconf 85' lang='lat' dir='ltr'>seno</span> <span class='ocrx_word' id='word_1_179' title='bbox 1287 3641 1429 3708; x_wconf 86' lang='lat' dir='ltr'>beocheis</span> 
     </span>
     <span class='ocr_line' id='line_1_26' title="bbox 307 3756 1430 3846; baseline 0.005 -27"><span class='ocrx_word' id='word_1_180' title='bbox 307 3756 338 3818; x_wconf 91' lang='lat' dir='ltr'>et</span> <span class='ocrx_word' id='word_1_181' title='bbox 359 3756 493 3842; x_wconf 87' lang='lat' dir='ltr'>creticis)</span> <span class='ocrx_word' id='word_1_182' title='bbox 515 3759 660 3838; x_wconf 85' lang='lat' dir='ltr'>invenies,</span> <span class='ocrx_word' id='word_1_183' title='bbox 684 3761 738 3842; x_wconf 90' lang='lat' dir='ltr'>qui</span> <span class='ocrx_word' id='word_1_184' title='bbox 760 3761 798 3826; x_wconf 85' lang='lat' dir='ltr'>ab</span> <span class='ocrx_word' id='word_1_185' title='bbox 821 3761 878 3828; x_wconf 92' lang='lat' dir='ltr'>hoc</span> <span class='ocrx_word' id='word_1_186' title='bbox 900 3762 1004 3828; x_wconf 82' lang='lat' dir='ltr'>iambo</span> <span class='ocrx_word' id='word_1_187' title='bbox 1026 3763 1150 3830; x_wconf 88' lang='lat' dir='ltr'>initium</span> <span class='ocrx_word' id='word_1_188' title='bbox 1167 3763 1277 3846; x_wconf 81' lang='lat' dir='ltr'>capiet,</span> <span class='ocrx_word' id='word_1_189' title='bbox 1301 3762 1333 3826; x_wconf 88' lang='lat' dir='ltr'>id</span> <span class='ocrx_word' id='word_1_190' title='bbox 1349 3760 1430 3844; x_wconf 87' lang='lat' dir='ltr'>quod</span> 
     </span>
    </p>
   </div>
   <div class='ocr_carea' id='block_1_12' title="bbox 307 4053 1431 4295">
    <p class='ocr_par' dir='ltr' id='par_1_12' title="bbox 307 4053 1431 4295">
     <span class='ocr_line' id='line_1_27' title="bbox 410 4053 1431 4124; baseline 0.001 -17"><span class='ocrx_word' id='word_1_191' title='bbox 410 4055 438 4121; x_wconf 86' lang='lat'>1)</span> <span class='ocrx_word' id='word_1_192' title='bbox 465 4053 546 4118; x_wconf 78' lang='lat' dir='ltr'>Quod</span> <span class='ocrx_word' id='word_1_193' title='bbox 572 4054 686 4109; x_wconf 83' lang='lat' dir='ltr'>licuisse</span> <span class='ocrx_word' id='word_1_194' title='bbox 705 4057 736 4109; x_wconf 85' lang='lat' dir='ltr'>ut</span> <span class='ocrx_word' id='word_1_195' title='bbox 754 4057 893 4124; x_wconf 83' lang='lat' dir='ltr'>probaret,</span> <span class='ocrx_word' id='word_1_196' title='bbox 921 4057 1033 4110; x_wconf 77' lang='lat' dir='ltr'>Klotzio</span> <span class='ocrx_word' id='word_1_197' title='bbox 1062 4056 1150 4124; x_wconf 88' lang='lat' dir='ltr'>(Metr.</span> <span class='ocrx_word' id='word_1_198' title='bbox 1169 4069 1195 4124; x_wconf 83' lang='lat' dir='ltr'>p.</span> <span class='ocrx_word' id='word_1_199' title='bbox 1214 4055 1266 4110; x_wconf 85' lang='grc'>254</span> <span class='ocrx_word' id='word_1_200' title='bbox 1283 4059 1353 4122; x_wconf 85' lang='lat' dir='ltr'>sqq.)</span> <span class='ocrx_word' id='word_1_201' title='bbox 1372 4067 1431 4108; x_wconf 91' lang='lat' dir='ltr'>non</span> 
     </span>
     <span class='ocr_line' id='line_1_28' title="bbox 308 4141 1430 4210; baseline -0.001 -16"><span class='ocrx_word' id='word_1_202' title='bbox 308 4141 434 4207; x_wconf 83' lang='lat' dir='ltr'>contigit,</span> <span class='ocrx_word' id='word_1_203' title='bbox 461 4153 526 4194; x_wconf 85' lang='lat' dir='ltr'>nam</span> <span class='ocrx_word' id='word_1_204' title='bbox 554 4143 630 4208; x_wconf 86' lang='lat' dir='ltr'>qnod</span> <span class='ocrx_word' id='word_1_205' title='bbox 656 4157 742 4196; x_wconf 86' lang='lat' dir='ltr'>unum</span> <span class='ocrx_word' id='word_1_206' title='bbox 769 4143 853 4196; x_wconf 88' lang='lat' dir='ltr'>huius</span> <span class='ocrx_word' id='word_1_207' title='bbox 871 4144 984 4208; x_wconf 86' lang='lat' dir='ltr'>generis</span> <span class='ocrx_word' id='word_1_208' title='bbox 1003 4144 1165 4210; x_wconf 86' lang='lat' dir='ltr'>exemplum</span> <span class='ocrx_word' id='word_1_209' title='bbox 1184 4143 1301 4204; x_wconf 86' lang='lat' dir='ltr'>invonit,</span> <span class='ocrx_word' id='word_1_210' title='bbox 1329 4143 1373 4195; x_wconf 86' lang='lat' dir='ltr'>est</span> <span class='ocrx_word' id='word_1_211' title='bbox 1391 4141 1430 4194; x_wconf 82' lang='lat' dir='ltr'>oi·</span> 
     </span>
     <span class='ocr_line' id='line_1_29' title="bbox 307 4227 1152 4295; baseline 0.002 -15"><span class='ocrx_word' id='word_1_212' title='bbox 307 4227 398 4280; x_wconf 86' lang='lat' dir='ltr'>meter</span> <span class='ocrx_word' id='word_1_213' title='bbox 415 4227 552 4281; x_wconf 80' lang='lat' dir='ltr'>iambicus</span> <span class='ocrx_word' id='word_1_214' title='bbox 571 4227 632 4281; x_wconf 86' lang='lat' dir='ltr'>Aul.</span> <span class='ocrx_word' id='word_1_215' title='bbox 651 4243 677 4281; x_wconf 75' lang='lat' dir='ltr'>v,</span> <span class='ocrx_word' id='word_1_216' title='bbox 697 4229 756 4292; x_wconf 87' lang='grc'><strong>139,</strong></span> <span class='ocrx_word' id='word_1_217' title='bbox 773 4229 937 4283; x_wconf 79' lang='lat' dir='ltr'>accentibus</span> <span class='ocrx_word' id='word_1_218' title='bbox 956 4229 1112 4295; x_wconf 77' lang='lat' dir='ltr'>perdures:</span> <span class='ocrx_word' id='word_1_219' title='bbox 1148 4285 1152 4292; x_wconf 64' lang='grc'><em>,</em></span> 
     </span>
    </p>
   </div>
   <div class='ocr_carea' id='block_1_13' title="bbox 410 4327 1368 4536">
    <p class='ocr_par' dir='ltr' id='par_1_13' title="bbox 410 4327 1368 4536">
     <span class='ocr_line' id='line_1_30' title="bbox 577 4327 1156 4431; baseline 0.003 -21"><span class='ocrx_word' id='word_1_220' title='bbox 577 4347 658 4410; x_wconf 83' lang='lat' dir='ltr'>Nem</span> <span class='ocrx_word' id='word_1_221' title='bbox 682 4329 813 4430; x_wconf 69' lang='lat' dir='ltr'>opti&#39;rmsi</span> <span class='ocrx_word' id='word_1_222' title='bbox 836 4327 927 4414; x_wconf 69' lang='lat' dir='ltr'>rullei</span> <span class='ocrx_word' id='word_1_223' title='bbox 949 4349 1051 4430; x_wconf 87' lang='lat' dir='ltr'>potest</span> <span class='ocrx_word' id='word_1_224' title='bbox 1073 4348 1156 4431; x_wconf 75' lang='lat' dir='ltr'>eligi.</span> 
     </span>
     <span class='ocr_line' id='line_1_31' title="bbox 410 4467 1368 4536; baseline -0.001 -16"><span class='ocrx_word' id='word_1_225' title='bbox 410 4467 438 4532; x_wconf 81' lang='lat'>2)</span> <span class='ocrx_word' id='word_1_226' title='bbox 466 4467 496 4520; x_wconf 91' lang='lat' dir='ltr'>In</span> <span class='ocrx_word' id='word_1_227' title='bbox 515 4467 671 4521; x_wconf 75' lang='lat' dir='ltr'>Trinummi</span> <span class='ocrx_word' id='word_1_228' title='bbox 689 4468 842 4522; x_wconf 83' lang='lat' dir='ltr'>Brixianee</span> <span class='ocrx_word' id='word_1_229' title='bbox 861 4468 985 4522; x_wconf 87' lang='lat' dir='ltr'>editione</span> <span class='ocrx_word' id='word_1_230' title='bbox 1003 4471 1111 4536; x_wconf 81' lang='lat' dir='ltr'>quarto,</span> <span class='ocrx_word' id='word_1_231' title='bbox 1131 4468 1193 4522; x_wconf 87' lang='lat' dir='ltr'>edu.</span> <span class='ocrx_word' id='word_1_232' title='bbox 1212 4468 1249 4522; x_wconf 83' lang='lat' dir='ltr'>ed</span> <span class='ocrx_word' id='word_1_233' title='bbox 1265 4482 1291 4521; x_wconf 92' lang='lat' dir='ltr'>v.</span> <span class='ocrx_word' id='word_1_234' title='bbox 1310 4467 1368 4522; x_wconf 87' lang='grc'>761.</span> 
     </span>
    </p>
   </div>
   <div class='ocr_carea' id='block_1_14' title="bbox 0 0 1644 5274">
    <p class='ocr_par' dir='ltr' id='par_1_14' title="bbox 0 0 1644 5274">
     <span class='ocr_line' id='line_1_32' title="bbox 0 0 1644 5274; baseline 0 0"><span class='ocrx_word' id='word_1_235' title='bbox 0 0 1644 5274; x_wconf 95' lang='lat' dir='ltr'> </span> 
     </span>
    </p>
   </div>
  </div>
 </body>
</html>
