<?xml version="1.0" encoding="UTF-8"?>
<!DOCTYPE html PUBLIC "-//W3C//DTD XHTML 1.0 Transitional//EN"
    "http://www.w3.org/TR/xhtml1/DTD/xhtml1-transitional.dtd">
<html xmlns="http://www.w3.org/1999/xhtml" xml:lang="en" lang="en">
 <head>
  <title>
</title>
<meta http-equiv="Content-Type" content="text/html;charset=utf-8" />
  <meta name='ocr-system' content='tesseract 3.04.00' />
  <meta name='ocr-capabilities' content='ocr_page ocr_carea ocr_par ocr_line ocrx_word'/>
</head>
<body>
  <div class='ocr_page' id='page_1' title='image "./quaestionumgram01brocgoog_0010.png"; bbox 0 0 3186 5282; ppageno 0'>
   <div class='ocr_carea' id='block_1_1' title="bbox 907 537 929 600">
    <p class='ocr_par' dir='ltr' id='par_1_1' title="bbox 907 537 929 600">
     <span class='ocr_line' id='line_1_1' title="bbox 907 537 929 600; baseline 0 0"><span class='ocrx_word' id='word_1_1' title='bbox 907 537 929 600; x_wconf 90' lang='grc'><strong>6</strong></span> 
     </span>
    </p>
   </div>
   <div class='ocr_carea' id='block_1_2' title="bbox 814 627 1019 636">
    <p class='ocr_par' dir='ltr' id='par_1_2' title="bbox 814 627 1019 636">
     <span class='ocr_line' id='line_1_2' title="bbox 814 627 1019 636; baseline 0 0"><span class='ocrx_word' id='word_1_2' title='bbox 814 627 1019 636; x_wconf 54' lang='lat' dir='ltr'><strong>m</strong></span> 
     </span>
    </p>
   </div>
   <div class='ocr_carea' id='block_1_3' title="bbox 348 739 1484 1680">
    <p class='ocr_par' dir='ltr' id='par_1_3' title="bbox 348 739 1484 1680">
     <span class='ocr_line' id='line_1_3' title="bbox 351 739 1482 823; baseline 0.003 -22"><span class='ocrx_word' id='word_1_3' title='bbox 351 757 425 817; x_wconf 91' lang='lat' dir='ltr'><strong>rem,</strong></span> <span class='ocrx_word' id='word_1_4' title='bbox 460 759 520 803; x_wconf 90' lang='lat' dir='ltr'><strong>non</strong></span> <span class='ocrx_word' id='word_1_5' title='bbox 553 739 737 822; x_wconf 81' lang='lat' dir='ltr'><strong>Vergilium,</strong></span> <span class='ocrx_word' id='word_1_6' title='bbox 771 759 831 805; x_wconf 91' lang='lat' dir='ltr'><strong>non</strong></span> <span class='ocrx_word' id='word_1_7' title='bbox 868 741 1033 805; x_wconf 79' lang='lat' dir='ltr'>Horatium</span> <span class='ocrx_word' id='word_1_8' title='bbox 1071 740 1259 804; x_wconf 88' lang='lat' dir='ltr'><strong>umbraticos</strong></span> <span class='ocrx_word' id='word_1_9' title='bbox 1296 739 1482 823; x_wconf 83' lang='lat' dir='ltr'><strong>putidasque</strong></span> 
     </span>
     <span class='ocr_line' id='line_1_4' title="bbox 352 857 1481 958; baseline -0.001 -35"><span class='ocrx_word' id='word_1_10' title='bbox 352 860 446 926; x_wconf 86' lang='lat' dir='ltr'><strong>luisse</strong></span> <span class='ocrx_word' id='word_1_11' title='bbox 470 859 620 924; x_wconf 88' lang='lat' dir='ltr'><strong>videmus.</strong></span> <span class='ocrx_word' id='word_1_12' title='bbox 668 857 790 938; x_wconf 80' lang='lat' dir='ltr'><strong>Quanto</strong></span> <span class='ocrx_word' id='word_1_13' title='bbox 813 861 925 958; x_wconf 49' lang='lat' dir='ltr'><strong>minus5</strong></span> <span class='ocrx_word' id='word_1_14' title='bbox 939 860 1045 925; x_wconf 88' lang='lat' dir='ltr'><strong>Plauti</strong></span> <span class='ocrx_word' id='word_1_15' title='bbox 1068 859 1255 925; x_wconf 81' lang='lat' dir='ltr'><strong>Catonesro!</strong></span> <span class='ocrx_word' id='word_1_16' title='bbox 1282 859 1367 924; x_wconf 88' lang='lat' dir='ltr'><strong>Licet</strong></span> <span class='ocrx_word' id='word_1_17' title='bbox 1389 860 1481 923; x_wconf 91' lang='lat' dir='ltr'><strong>multi</strong></span> 
     </span>
     <span class='ocr_line' id='line_1_5' title="bbox 351 980 1481 1063; baseline 0 -19"><span class='ocrx_word' id='word_1_18' title='bbox 351 983 474 1046; x_wconf 88' lang='lat' dir='ltr'><strong>nostrae</strong></span> <span class='ocrx_word' id='word_1_19' title='bbox 498 980 608 1045; x_wconf 89' lang='lat' dir='ltr'><strong>aetatis</strong></span> <span class='ocrx_word' id='word_1_20' title='bbox 640 980 700 1044; x_wconf 88' lang='lat' dir='ltr'><strong>viri</strong></span> <span class='ocrx_word' id='word_1_21' title='bbox 724 981 920 1063; x_wconf 81' lang='lat' dir='ltr'><strong>grammatici</strong></span> <span class='ocrx_word' id='word_1_22' title='bbox 951 981 1008 1045; x_wconf 90' lang='lat' dir='ltr'><strong>hoc</strong></span> <span class='ocrx_word' id='word_1_23' title='bbox 1043 981 1102 1046; x_wconf 88' lang='lat' dir='ltr'><strong>sibi</strong></span> <span class='ocrx_word' id='word_1_24' title='bbox 1124 981 1343 1062; x_wconf 75' lang='lat' dir='ltr'><strong>persuaserint,</strong></span> <span class='ocrx_word' id='word_1_25' title='bbox 1376 983 1481 1044; x_wconf 89' lang='lat' dir='ltr'><strong>tamen</strong></span> 
     </span>
     <span class='ocr_line' id='line_1_6' title="bbox 351 1099 1480 1183; baseline 0 -19"><span class='ocrx_word' id='word_1_26' title='bbox 351 1118 439 1164; x_wconf 93' lang='lat' dir='ltr'><strong>nemo</strong></span> <span class='ocrx_word' id='word_1_27' title='bbox 471 1119 607 1183; x_wconf 86' lang='lat' dir='ltr'><strong>unquam</strong></span> <span class='ocrx_word' id='word_1_28' title='bbox 630 1099 740 1179; x_wconf 86' lang='lat' dir='ltr'><strong>adhue,</strong></span> <span class='ocrx_word' id='word_1_29' title='bbox 773 1101 855 1182; x_wconf 92' lang='lat' dir='ltr'><strong>quod</strong></span> <span class='ocrx_word' id='word_1_30' title='bbox 879 1101 986 1179; x_wconf 87' lang='lat' dir='ltr'><strong>sciam,</strong></span> <span class='ocrx_word' id='word_1_31' title='bbox 1013 1103 1070 1166; x_wconf 91' lang='lat' dir='ltr'><strong>hoo</strong></span> <span class='ocrx_word' id='word_1_32' title='bbox 1094 1102 1232 1183; x_wconf 87' lang='lat' dir='ltr'><strong>exemplo</strong></span> <span class='ocrx_word' id='word_1_33' title='bbox 1256 1101 1331 1166; x_wconf 83' lang='lat' dir='ltr'><strong>satis</strong></span> <span class='ocrx_word' id='word_1_34' title='bbox 1354 1099 1480 1164; x_wconf 89' lang='lat' dir='ltr'><strong>subtili·</strong></span> 
     </span>
     <span class='ocr_line' id='line_1_7' title="bbox 350 1219 1480 1303; baseline 0 -19"><span class='ocrx_word' id='word_1_35' title='bbox 350 1221 397 1284; x_wconf 88' lang='lat' dir='ltr'><strong>ter</strong></span> <span class='ocrx_word' id='word_1_36' title='bbox 428 1220 580 1301; x_wconf 86' lang='lat' dir='ltr'><strong>probavit.</strong></span> <span class='ocrx_word' id='word_1_37' title='bbox 637 1219 725 1300; x_wconf 78' lang='lat' dir='ltr'><strong>Quod</strong></span> <span class='ocrx_word' id='word_1_38' title='bbox 763 1221 1135 1303; x_wconf 76' lang='lat' dir='ltr'><strong>superlativorum</strong></span> <span class='ocrx_word' id='word_1_39' title='bbox 1177 1220 1401 1300; x_wconf 84' lang='lat' dir='ltr'><strong>suffixum,</strong></span> <span class='ocrx_word' id='word_1_40' title='bbox 1444 1222 1480 1284; x_wconf 90' lang='lat' dir='ltr'><strong>ut</strong></span> 
     </span>
     <span class='ocr_line' id='line_1_8' title="bbox 349 1339 1484 1438; baseline 0.002 -36"><span class='ocrx_word' id='word_1_41' title='bbox 349 1339 427 1403; x_wconf 92' lang='lat' dir='ltr'><strong>illud</strong></span> <span class='ocrx_word' id='word_1_42' title='bbox 460 1340 712 1420; x_wconf 88' lang='lat' dir='ltr'><strong>demonstrarem,</strong></span> <span class='ocrx_word' id='word_1_43' title='bbox 745 1341 834 1424; x_wconf 87' lang='lat' dir='ltr'><strong>elegi,</strong></span> <span class='ocrx_word' id='word_1_44' title='bbox 867 1341 899 1405; x_wconf 94' lang='lat' dir='ltr'><strong>id</strong></span> <span class='ocrx_word' id='word_1_45' title='bbox 934 1342 1135 1406; x_wconf 84' lang='lat' dir='ltr'><strong>emolumenti</strong></span> <span class='ocrx_word' id='word_1_46' title='bbox 1167 1341 1316 1423; x_wconf 89' lang='lat' dir='ltr'><strong>praebent</strong></span> <span class='ocrx_word' id='word_1_47' title='bbox 1339 1341 1484 1438; x_wconf 25' lang='lat' dir='ltr'><strong>superio-¹</strong></span> 
     </span>
     <span class='ocr_line' id='line_1_9' title="bbox 348 1459 1477 1546; baseline 0.002 -24"><span class='ocrx_word' id='word_1_48' title='bbox 348 1459 416 1538; x_wconf 86' lang='lat' dir='ltr'><strong>tivi,</strong></span> <span class='ocrx_word' id='word_1_49' title='bbox 453 1459 533 1541; x_wconf 90' lang='lat' dir='ltr'><strong>quod</strong></span> <span class='ocrx_word' id='word_1_50' title='bbox 571 1460 656 1524; x_wconf 88' lang='lat' dir='ltr'><strong>tituli</strong></span> <span class='ocrx_word' id='word_1_51' title='bbox 694 1461 920 1544; x_wconf 79' lang='lat' dir='ltr'><strong>amplissimam</strong></span> <span class='ocrx_word' id='word_1_52' title='bbox 961 1481 1064 1526; x_wconf 90' lang='lat' dir='ltr'><strong>eorum</strong></span> <span class='ocrx_word' id='word_1_53' title='bbox 1107 1461 1226 1543; x_wconf 90' lang='lat' dir='ltr'><strong>copiam</strong></span> <span class='ocrx_word' id='word_1_54' title='bbox 1268 1463 1477 1546; x_wconf 88' lang='lat' dir='ltr'><strong>suppeditant.</strong></span> 
     </span>
     <span class='ocr_line' id='line_1_10' title="bbox 349 1579 1478 1680; baseline 0.003 -36"><span class='ocrx_word' id='word_1_55' title='bbox 349 1579 493 1644; x_wconf 86' lang='lat' dir='ltr'><strong>Ceterum</strong></span> <span class='ocrx_word' id='word_1_56' title='bbox 510 1581 590 1680; x_wconf 92' lang='lat' dir='ltr'><strong>puto</strong></span> <span class='ocrx_word' id='word_1_57' title='bbox 613 1600 668 1646; x_wconf 88' lang='lat' dir='ltr'><strong>nos</strong></span> <span class='ocrx_word' id='word_1_58' title='bbox 693 1582 815 1648; x_wconf 89' lang='lat' dir='ltr'><strong>eosdem</strong></span> <span class='ocrx_word' id='word_1_59' title='bbox 838 1583 986 1647; x_wconf 86' lang='lat' dir='ltr'><strong>utilitatis</strong></span> <span class='ocrx_word' id='word_1_60' title='bbox 1010 1584 1127 1648; x_wconf 80' lang='lat' dir='ltr'><strong>fruetus</strong></span> <span class='ocrx_word' id='word_1_61' title='bbox 1151 1602 1221 1647; x_wconf 87' lang='lat' dir='ltr'><strong>eum</strong></span> <span class='ocrx_word' id='word_1_62' title='bbox 1245 1583 1379 1665; x_wconf 81' lang='lat' dir='ltr'><strong>aliunde,</strong></span> <span class='ocrx_word' id='word_1_63' title='bbox 1410 1586 1478 1649; x_wconf 89' lang='lat' dir='ltr'><strong>tum</strong></span> 
     </span>
    </p>
   </div>
   <div class='ocr_carea' id='block_1_4' title="bbox 347 1700 1567 2024">
    <p class='ocr_par' dir='ltr' id='par_1_4' title="bbox 347 1700 1567 2046">
     <span class='ocr_line' id='line_1_11' title="bbox 349 1700 1567 1790; baseline 0.002 -27"><span class='ocrx_word' id='word_1_64' title='bbox 349 1718 384 1763; x_wconf 82' lang='lat' dir='ltr'><strong>eu</strong></span> <span class='ocrx_word' id='word_1_65' title='bbox 415 1700 751 1784; x_wconf 83' lang='lat' dir='ltr'><strong>gerundivorum</strong></span> <span class='ocrx_word' id='word_1_66' title='bbox 784 1701 902 1766; x_wconf 85' lang='lat' dir='ltr'><strong>suffixis</strong></span> <span class='ocrx_word' id='word_1_67' title='bbox 937 1701 1160 1784; x_wconf 86' lang='lat' dir='ltr'><strong>perlustrandis</strong></span> <span class='ocrx_word' id='word_1_68' title='bbox 1192 1702 1347 1784; x_wconf 75' lang='lat' dir='ltr'><strong>percipere</strong></span> <span class='ocrx_word' id='word_1_69' title='bbox 1380 1721 1478 1784; x_wconf 92' lang='lat' dir='ltr'><strong>posse.</strong></span> <span class='ocrx_word' id='word_1_70' title='bbox 1566 1711 1567 1790; x_wconf 39' lang='grc' dir='ltr'>ζ</span> 
     </span>
     <span class='ocr_line' id='line_1_12' title="bbox 350 1822 1477 1905; baseline 0.002 -21"><span class='ocrx_word' id='word_1_71' title='bbox 350 1822 556 1885; x_wconf 85' lang='lat' dir='ltr'><strong>—Alterum</strong></span> <span class='ocrx_word' id='word_1_72' title='bbox 581 1823 806 1888; x_wconf 89' lang='lat' dir='ltr'><strong>dissertationis</strong></span> <span class='ocrx_word' id='word_1_73' title='bbox 838 1842 925 1886; x_wconf 90' lang='lat' dir='ltr'><strong>meas</strong></span> <span class='ocrx_word' id='word_1_74' title='bbox 959 1823 1059 1902; x_wconf 89' lang='lat' dir='ltr'><strong>caput,</strong></span> <span class='ocrx_word' id='word_1_75' title='bbox 1092 1823 1124 1886; x_wconf 91' lang='lat' dir='ltr'><strong>in</strong></span> <span class='ocrx_word' id='word_1_76' title='bbox 1157 1841 1217 1905; x_wconf 90' lang='lat' dir='ltr'><strong>quo</strong></span> <span class='ocrx_word' id='word_1_77' title='bbox 1240 1842 1258 1887; x_wconf 90' lang='lat' dir='ltr'><strong>a</strong></span> <span class='ocrx_word' id='word_1_78' title='bbox 1280 1823 1413 1904; x_wconf 90' lang='lat' dir='ltr'><strong>perlecto</strong></span> <span class='ocrx_word' id='word_1_79' title='bbox 1445 1823 1477 1886; x_wconf 90' lang='lat' dir='ltr'><strong>in</strong></span> 
     </span>
     <span class='ocr_line' id='line_1_13' title="bbox 347 1940 1478 2024; baseline -0.002 -18"><span class='ocrx_word' id='word_1_80' title='bbox 347 1940 394 2006; x_wconf 90' lang='lat' dir='ltr'><strong>-vi</strong></span> <span class='ocrx_word' id='word_1_81' title='bbox 418 1941 583 2018; x_wconf 85' lang='lat' dir='ltr'><strong>derivatae,</strong></span> <span class='ocrx_word' id='word_1_82' title='bbox 606 1959 685 2022; x_wconf 90' lang='lat' dir='ltr'><strong>quae</strong></span> <span class='ocrx_word' id='word_1_83' title='bbox 709 1943 740 2004; x_wconf 94' lang='lat' dir='ltr'><strong>in</strong></span> <span class='ocrx_word' id='word_1_84' title='bbox 765 1942 850 2024; x_wconf 90' lang='lat' dir='ltr'><strong>poesi</strong></span> <span class='ocrx_word' id='word_1_85' title='bbox 871 1941 1003 2005; x_wconf 85' lang='lat' dir='ltr'><strong>iambica</strong></span> <span class='ocrx_word' id='word_1_86' title='bbox 1025 1941 1235 2019; x_wconf 87' lang='lat' dir='ltr'><strong>inueniuntur,</strong></span> <span class='ocrx_word' id='word_1_87' title='bbox 1258 1942 1373 2006; x_wconf 79' lang='lat' dir='ltr'><strong>formae</strong></span> <span class='ocrx_word' id='word_1_88' title='bbox 1396 1944 1478 2006; x_wconf 90' lang='lat' dir='ltr'><strong>trao-</strong></span> 
     </span>
    </p>
   </div>
   <div class='ocr_carea' id='block_1_5' title="bbox 347 2062 1567 2266">
    <p class='ocr_par' dir='ltr' id='par_1_5' title="bbox 347 2047 1567 2266">
     <span class='ocr_line' id='line_1_14' title="bbox 347 2062 1478 2146; baseline 0.002 -23"><span class='ocrx_word' id='word_1_89' title='bbox 347 2062 461 2139; x_wconf 88' lang='lat' dir='ltr'><strong>tantur,</strong></span> <span class='ocrx_word' id='word_1_90' title='bbox 494 2062 559 2125; x_wconf 91' lang='lat' dir='ltr'><strong>inre</strong></span> <span class='ocrx_word' id='word_1_91' title='bbox 583 2081 600 2126; x_wconf 92' lang='lat' dir='ltr'><strong>a</strong></span> <span class='ocrx_word' id='word_1_92' title='bbox 623 2081 672 2126; x_wconf 91' lang='lat' dir='ltr'><strong>me</strong></span> <span class='ocrx_word' id='word_1_93' title='bbox 696 2063 846 2144; x_wconf 89' lang='lat' dir='ltr'><strong>scriptum</strong></span> <span class='ocrx_word' id='word_1_94' title='bbox 870 2081 936 2126; x_wconf 89' lang='lat' dir='ltr'><strong>esse</strong></span> <span class='ocrx_word' id='word_1_95' title='bbox 961 2081 1065 2127; x_wconf 91' lang='lat' dir='ltr'><strong>omnes</strong></span> <span class='ocrx_word' id='word_1_96' title='bbox 1089 2063 1180 2127; x_wconf 88' lang='lat' dir='ltr'><strong>facile</strong></span> <span class='ocrx_word' id='word_1_97' title='bbox 1203 2063 1391 2146; x_wconf 83' lang='lat' dir='ltr'><strong>intellegent,</strong></span> <span class='ocrx_word' id='word_1_98' title='bbox 1425 2063 1478 2143; x_wconf 90' lang='lat' dir='ltr'><strong>qui</strong></span> 
     </span>
     <span class='ocr_line' id='line_1_15' title="bbox 347 2155 1567 2266; baseline 0.004 -21"><span class='ocrx_word' id='word_1_99' title='bbox 347 2201 407 2246; x_wconf 93' lang='lat' dir='ltr'><strong>non</strong></span> <span class='ocrx_word' id='word_1_100' title='bbox 429 2183 574 2266; x_wconf 83' lang='lat' dir='ltr'><strong>ignorant</strong></span> <span class='ocrx_word' id='word_1_101' title='bbox 597 2183 628 2247; x_wconf 91' lang='lat' dir='ltr'><strong>ot</strong></span> <span class='ocrx_word' id='word_1_102' title='bbox 650 2184 758 2264; x_wconf 89' lang='lat' dir='ltr'><strong>quanti</strong></span> <span class='ocrx_word' id='word_1_103' title='bbox 790 2182 829 2247; x_wconf 89' lang='lat' dir='ltr'><strong>ad</strong></span> <span class='ocrx_word' id='word_1_104' title='bbox 857 2183 996 2266; x_wconf 86' lang='lat' dir='ltr'><strong>linguam</strong></span> <span class='ocrx_word' id='word_1_105' title='bbox 1019 2184 1151 2248; x_wconf 90' lang='lat' dir='ltr'><strong>latinam</strong></span> <span class='ocrx_word' id='word_1_106' title='bbox 1173 2185 1308 2249; x_wconf 90' lang='lat' dir='ltr'><strong>metrum</strong></span> <span class='ocrx_word' id='word_1_107' title='bbox 1330 2185 1477 2250; x_wconf 89' lang='lat' dir='ltr'><strong>momenti</strong></span> <span class='ocrx_word' id='word_1_108' title='bbox 1566 2155 1567 2250; x_wconf 42' lang='lat' dir='ltr'>f</span> 
     </span>
    </p>
   </div>
   <div class='ocr_carea' id='block_1_6' title="bbox 325 2303 1477 3349">
    <p class='ocr_par' dir='ltr' id='par_1_6' title="bbox 325 2303 1477 2970">
     <span class='ocr_line' id='line_1_16' title="bbox 348 2303 1476 2387; baseline 0.003 -22"><span class='ocrx_word' id='word_1_109' title='bbox 348 2303 389 2366; x_wconf 89' lang='lat' dir='ltr'><strong>sit</strong></span> <span class='ocrx_word' id='word_1_110' title='bbox 422 2303 631 2385; x_wconf 85' lang='lat' dir='ltr'><strong>quantamque</strong></span> <span class='ocrx_word' id='word_1_111' title='bbox 663 2304 726 2367; x_wconf 85' lang='lat' dir='ltr'><strong>uim</strong></span> <span class='ocrx_word' id='word_1_112' title='bbox 762 2303 800 2368; x_wconf 87' lang='lat' dir='ltr'><strong>ad</strong></span> <span class='ocrx_word' id='word_1_113' title='bbox 838 2304 926 2368; x_wconf 92' lang='lat' dir='ltr'><strong>illam</strong></span> <span class='ocrx_word' id='word_1_114' title='bbox 961 2304 1136 2387; x_wconf 86' lang='lat' dir='ltr'><strong>fingendam</strong></span> <span class='ocrx_word' id='word_1_115' title='bbox 1171 2305 1314 2370; x_wconf 90' lang='lat' dir='ltr'><strong>habuerit</strong></span> <span class='ocrx_word' id='word_1_116' title='bbox 1349 2305 1476 2368; x_wconf 77' lang='lat' dir='ltr'><strong>Ennius,</strong></span> 
     </span>
     <span class='ocr_line' id='line_1_17' title="bbox 325 2425 1477 2508; baseline 0 -20"><span class='ocrx_word' id='word_1_117' title='bbox 325 2479 328 2496; x_wconf 79' lang='lat'><strong>,</strong></span> <span class='ocrx_word' id='word_1_118' title='bbox 347 2426 509 2489; x_wconf 87' lang='lat' dir='ltr'><strong>Praeterea</strong></span> <span class='ocrx_word' id='word_1_119' title='bbox 532 2425 589 2489; x_wconf 94' lang='lat' dir='ltr'><strong>hoo</strong></span> <span class='ocrx_word' id='word_1_120' title='bbox 612 2427 643 2488; x_wconf 95' lang='lat' dir='ltr'><strong>in</strong></span> <span class='ocrx_word' id='word_1_121' title='bbox 666 2426 767 2508; x_wconf 88' lang='lat' dir='ltr'><strong>capite</strong></span> <span class='ocrx_word' id='word_1_122' title='bbox 792 2425 866 2489; x_wconf 89' lang='lat' dir='ltr'><strong>artis</strong></span> <span class='ocrx_word' id='word_1_123' title='bbox 882 2425 1006 2490; x_wconf 87' lang='lat' dir='ltr'><strong>criticae</strong></span> <span class='ocrx_word' id='word_1_124' title='bbox 1023 2425 1157 2492; x_wconf 86' lang='lat' dir='ltr'><strong>studiosi</strong></span> <span class='ocrx_word' id='word_1_125' title='bbox 1172 2427 1330 2490; x_wconf 86' lang='lat' dir='ltr'><strong>invenient</strong></span> <span class='ocrx_word' id='word_1_126' title='bbox 1344 2425 1477 2492; x_wconf 85' lang='lat' dir='ltr'><strong>frustula</strong></span> 
     </span>
     <span class='ocr_line' id='line_1_18' title="bbox 346 2543 1473 2626; baseline -0.001 -18"><span class='ocrx_word' id='word_1_127' title='bbox 346 2544 496 2625; x_wconf 88' lang='lat' dir='ltr'><strong>quaedam</strong></span> <span class='ocrx_word' id='word_1_128' title='bbox 530 2563 599 2610; x_wconf 90' lang='lat' dir='ltr'><strong>oum</strong></span> <span class='ocrx_word' id='word_1_129' title='bbox 624 2545 663 2609; x_wconf 91' lang='lat' dir='ltr'><strong>ed</strong></span> <span class='ocrx_word' id='word_1_130' title='bbox 686 2545 762 2608; x_wconf 92' lang='lat' dir='ltr'><strong>alios</strong></span> <span class='ocrx_word' id='word_1_131' title='bbox 786 2546 891 2625; x_wconf 86' lang='lat' dir='ltr'><strong>poetas</strong></span> <span class='ocrx_word' id='word_1_132' title='bbox 915 2545 1110 2626; x_wconf 84' lang='lat' dir='ltr'><strong>pertinentia,</strong></span> <span class='ocrx_word' id='word_1_133' title='bbox 1145 2547 1213 2608; x_wconf 86' lang='lat' dir='ltr'><strong>tum</strong></span> <span class='ocrx_word' id='word_1_134' title='bbox 1239 2545 1276 2608; x_wconf 89' lang='lat' dir='ltr'><strong>ad</strong></span> <span class='ocrx_word' id='word_1_135' title='bbox 1300 2543 1407 2608; x_wconf 86' lang='lat' dir='ltr'><strong>Plauti</strong></span> <span class='ocrx_word' id='word_1_136' title='bbox 1428 2543 1473 2607; x_wconf 87' lang='lat' dir='ltr'><strong>f-</strong></span> 
     </span>
     <span class='ocr_line' id='line_1_19' title="bbox 346 2665 1476 2748; baseline 0 -20"><span class='ocrx_word' id='word_1_137' title='bbox 346 2666 445 2742; x_wconf 87' lang='lat' dir='ltr'><strong>bulas,</strong></span> <span class='ocrx_word' id='word_1_138' title='bbox 470 2665 506 2728; x_wconf 92' lang='lat' dir='ltr'><strong>de</strong></span> <span class='ocrx_word' id='word_1_139' title='bbox 530 2665 641 2747; x_wconf 87' lang='lat' dir='ltr'><strong>qnibus</strong></span> <span class='ocrx_word' id='word_1_140' title='bbox 667 2667 699 2728; x_wconf 92' lang='lat' dir='ltr'><strong>in</strong></span> <span class='ocrx_word' id='word_1_141' title='bbox 724 2665 819 2730; x_wconf 90' lang='lat' dir='ltr'><strong>altero</strong></span> <span class='ocrx_word' id='word_1_142' title='bbox 842 2667 1006 2748; x_wconf 89' lang='lat' dir='ltr'><strong>praecipue</strong></span> <span class='ocrx_word' id='word_1_143' title='bbox 1034 2684 1161 2730; x_wconf 83' lang='lat' dir='ltr'><strong>excursu</strong></span> <span class='ocrx_word' id='word_1_144' title='bbox 1187 2665 1353 2747; x_wconf 88' lang='lat' dir='ltr'><strong>disputavi.</strong></span> <span class='ocrx_word' id='word_1_145' title='bbox 1376 2701 1419 2712; x_wconf 90' lang='lat'><strong>-—</strong></span> <span class='ocrx_word' id='word_1_146' title='bbox 1441 2665 1476 2728; x_wconf 92' lang='lat' dir='ltr'><strong>In</strong></span> 
     </span>
     <span class='ocr_line' id='line_1_20' title="bbox 347 2785 1476 2867; baseline 0 -19"><span class='ocrx_word' id='word_1_147' title='bbox 347 2785 438 2849; x_wconf 83' lang='lat' dir='ltr'><strong>tertio</strong></span> <span class='ocrx_word' id='word_1_148' title='bbox 484 2787 585 2867; x_wconf 90' lang='lat' dir='ltr'><strong>capite</strong></span> <span class='ocrx_word' id='word_1_149' title='bbox 633 2785 798 2866; x_wconf 89' lang='lat' dir='ltr'><strong>aliquando</strong></span> <span class='ocrx_word' id='word_1_150' title='bbox 844 2785 972 2850; x_wconf 84' lang='lat' dir='ltr'><strong>verbnm</strong></span> <span class='ocrx_word' id='word_1_151' title='bbox 1017 2785 1062 2849; x_wconf 89' lang='lat' dir='ltr'><strong>ire</strong></span> <span class='ocrx_word' id='word_1_152' title='bbox 1107 2785 1214 2850; x_wconf 89' lang='lat' dir='ltr'><strong>eadem</strong></span> <span class='ocrx_word' id='word_1_153' title='bbox 1251 2787 1370 2850; x_wconf 88' lang='lat' dir='ltr'><strong>ratione</strong></span> <span class='ocrx_word' id='word_1_154' title='bbox 1406 2804 1476 2866; x_wconf 88' lang='lat' dir='ltr'><strong>por-</strong></span> 
     </span>
     <span class='ocr_line' id='line_1_21' title="bbox 345 2906 541 2970; baseline 0.01 -2"><span class='ocrx_word' id='word_1_155' title='bbox 345 2906 541 2970; x_wconf 86' lang='lat' dir='ltr'><strong>lustrabitur.</strong></span> 
     </span>
    </p>

    <p class='ocr_par' dir='ltr' id='par_1_7' title="bbox 345 3024 1474 3349">
     <span class='ocr_line' id='line_1_22' title="bbox 448 3024 1474 3108; baseline -0.003 -18"><span class='ocrx_word' id='word_1_156' title='bbox 448 3027 611 3104; x_wconf 78' lang='lat' dir='ltr'><strong>Vitiorum,</strong></span> <span class='ocrx_word' id='word_1_157' title='bbox 650 3045 727 3107; x_wconf 88' lang='lat' dir='ltr'><strong>quae</strong></span> <span class='ocrx_word' id='word_1_158' title='bbox 760 3027 832 3091; x_wconf 88' lang='lat' dir='ltr'><strong>sunt</strong></span> <span class='ocrx_word' id='word_1_159' title='bbox 863 3026 895 3088; x_wconf 90' lang='lat' dir='ltr'><strong>in</strong></span> <span class='ocrx_word' id='word_1_160' title='bbox 929 3026 1144 3092; x_wconf 89' lang='lat' dir='ltr'><strong>dissertatione</strong></span> <span class='ocrx_word' id='word_1_161' title='bbox 1176 3045 1253 3104; x_wconf 89' lang='lat' dir='ltr'><strong>mea,</strong></span> <span class='ocrx_word' id='word_1_162' title='bbox 1289 3043 1359 3108; x_wconf 86' lang='lat' dir='ltr'><strong>pars</strong></span> <span class='ocrx_word' id='word_1_163' title='bbox 1381 3024 1474 3089; x_wconf 84' lang='lat' dir='ltr'><strong>uelim</strong></span> 
     </span>
     <span class='ocr_line' id='line_1_23' title="bbox 345 3146 1471 3228; baseline 0.002 -18"><span class='ocrx_word' id='word_1_164' title='bbox 345 3146 458 3212; x_wconf 88' lang='lat' dir='ltr'><strong>habeat</strong></span> <span class='ocrx_word' id='word_1_165' title='bbox 495 3147 743 3211; x_wconf 84' lang='lat' dir='ltr'><strong>exeusationem!</strong></span> <span class='ocrx_word' id='word_1_166' title='bbox 802 3147 938 3211; x_wconf 89' lang='lat' dir='ltr'><strong>Muneris</strong></span> <span class='ocrx_word' id='word_1_167' title='bbox 972 3148 1054 3212; x_wconf 86' lang='lat' dir='ltr'><strong>enirn</strong></span> <span class='ocrx_word' id='word_1_168' title='bbox 1088 3148 1150 3210; x_wconf 91' lang='lat' dir='ltr'><strong>moi</strong></span> <span class='ocrx_word' id='word_1_169' title='bbox 1185 3146 1294 3212; x_wconf 83' lang='lat' dir='ltr'><strong>officiis</strong></span> <span class='ocrx_word' id='word_1_170' title='bbox 1328 3147 1471 3228; x_wconf 90' lang='lat' dir='ltr'><strong>plurimis</strong></span> 
     </span>
     <span class='ocr_line' id='line_1_24' title="bbox 345 3266 1474 3349; baseline -0.002 -18"><span class='ocrx_word' id='word_1_171' title='bbox 345 3287 427 3332; x_wconf 90' lang='lat' dir='ltr'><strong>eram</strong></span> <span class='ocrx_word' id='word_1_172' title='bbox 451 3269 629 3349; x_wconf 79' lang='lat' dir='ltr'><strong>occupatus</strong></span> <span class='ocrx_word' id='word_1_173' title='bbox 675 3268 839 3331; x_wconf 87' lang='lat' dir='ltr'><strong>Rationem</strong></span> <span class='ocrx_word' id='word_1_174' title='bbox 863 3269 1024 3332; x_wconf 84' lang='lat' dir='ltr'><strong>brevitatis</strong></span> <span class='ocrx_word' id='word_1_175' title='bbox 1057 3269 1181 3331; x_wconf 88' lang='lat' dir='ltr'><strong>secutus</strong></span> <span class='ocrx_word' id='word_1_176' title='bbox 1210 3266 1365 3330; x_wconf 90' lang='lat' dir='ltr'><strong>nonnullis</strong></span> <span class='ocrx_word' id='word_1_177' title='bbox 1397 3266 1474 3329; x_wconf 90' lang='lat' dir='ltr'><strong>locis</strong></span> 
     </span>
    </p>
   </div>
   <div class='ocr_carea' id='block_1_7' title="bbox 345 3375 1567 3469">
    <p class='ocr_par' dir='ltr' id='par_1_8' title="bbox 345 3375 1567 3469">
     <span class='ocr_line' id='line_1_25' title="bbox 345 3375 1567 3469; baseline -0.002 -18"><span class='ocrx_word' id='word_1_178' title='bbox 345 3389 447 3452; x_wconf 88' lang='lat' dir='ltr'><strong>nescio</strong></span> <span class='ocrx_word' id='word_1_179' title='bbox 471 3408 509 3453; x_wconf 90' lang='lat' dir='ltr'><strong>an</strong></span> <span class='ocrx_word' id='word_1_180' title='bbox 543 3389 637 3452; x_wconf 89' lang='lat' dir='ltr'><strong>nimis</strong></span> <span class='ocrx_word' id='word_1_181' title='bbox 666 3388 799 3452; x_wconf 87' lang='lat' dir='ltr'><strong>breviter</strong></span> <span class='ocrx_word' id='word_1_182' title='bbox 822 3389 989 3452; x_wconf 89' lang='lat' dir='ltr'><strong>sententias</strong></span> <span class='ocrx_word' id='word_1_183' title='bbox 1015 3375 1307 3469; x_wconf 79' lang='lat' dir='ltr'><strong>comprehenderim.</strong></span> <span class='ocrx_word' id='word_1_184' title='bbox 1354 3386 1474 3466; x_wconf 77' lang='lat' dir='ltr'><strong>Quare</strong></span> <span class='ocrx_word' id='word_1_185' title='bbox 1566 3393 1567 3398; x_wconf 77' lang='grc'>’</span> 
     </span>
    </p>
   </div>
   <div class='ocr_carea' id='block_1_8' title="bbox 344 3507 1149 3590">
    <p class='ocr_par' dir='ltr' id='par_1_9' title="bbox 344 3507 1149 3590">
     <span class='ocr_line' id='line_1_26' title="bbox 344 3507 1149 3590; baseline 0 -18"><span class='ocrx_word' id='word_1_186' title='bbox 344 3509 371 3572; x_wconf 88' lang='lat' dir='ltr'><strong>si</strong></span> <span class='ocrx_word' id='word_1_187' title='bbox 395 3508 617 3572; x_wconf 90' lang='lat' dir='ltr'><strong>detrimentum</strong></span> <span class='ocrx_word' id='word_1_188' title='bbox 642 3507 757 3590; x_wconf 91' lang='lat' dir='ltr'><strong>ceperit</strong></span> <span class='ocrx_word' id='word_1_189' title='bbox 779 3509 994 3590; x_wconf 84' lang='lat' dir='ltr'><strong>perspicuitas,</strong></span> <span class='ocrx_word' id='word_1_190' title='bbox 1019 3507 1149 3572; x_wconf 86' lang='lat' dir='ltr'><strong>doleam.</strong></span> 
     </span>
    </p>
   </div>
   <div class='ocr_carea' id='block_1_9' title="bbox 342 3695 1481 4365">
    <p class='ocr_par' dir='ltr' id='par_1_10' title="bbox 342 3695 1481 4365">
     <span class='ocr_line' id='line_1_27' title="bbox 445 3695 1473 3778; baseline -0.003 -18"><span class='ocrx_word' id='word_1_191' title='bbox 445 3695 596 3760; x_wconf 89' lang='lat' dir='ltr'><strong>Omnibus</strong></span> <span class='ocrx_word' id='word_1_192' title='bbox 621 3696 984 3778; x_wconf 88' lang='lat' dir='ltr'><strong>praeceptoribus</strong></span> <span class='ocrx_word' id='word_1_193' title='bbox 1016 3697 1047 3760; x_wconf 90' lang='lat' dir='ltr'><strong>ot</strong></span> <span class='ocrx_word' id='word_1_194' title='bbox 1073 3696 1313 3776; x_wconf 89' lang='lat' dir='ltr'><strong>Dorpatensibus</strong></span> <span class='ocrx_word' id='word_1_195' title='bbox 1337 3698 1369 3760; x_wconf 89' lang='lat' dir='ltr'><strong>ct</strong></span> <span class='ocrx_word' id='word_1_196' title='bbox 1392 3696 1473 3758; x_wconf 92' lang='lat' dir='ltr'><strong>Bon·</strong></span> 
     </span>
     <span class='ocr_line' id='line_1_28' title="bbox 342 3815 1473 3898; baseline -0.003 -19"><span class='ocrx_word' id='word_1_197' title='bbox 342 3815 502 3898; x_wconf 86' lang='lat' dir='ltr'><strong>nensibus,</strong></span> <span class='ocrx_word' id='word_1_198' title='bbox 527 3816 579 3898; x_wconf 89' lang='lat' dir='ltr'><strong>qui</strong></span> <span class='ocrx_word' id='word_1_199' title='bbox 604 3815 715 3880; x_wconf 87' lang='lat' dir='ltr'><strong>studiis</strong></span> <span class='ocrx_word' id='word_1_200' title='bbox 739 3816 816 3880; x_wconf 88' lang='lat' dir='ltr'><strong>meis</strong></span> <span class='ocrx_word' id='word_1_201' title='bbox 840 3834 962 3880; x_wconf 89' lang='lat' dir='ltr'><strong>summa</strong></span> <span class='ocrx_word' id='word_1_202' title='bbox 984 3815 1199 3880; x_wconf 88' lang='lat' dir='ltr'><strong>benevolentia</strong></span> <span class='ocrx_word' id='word_1_203' title='bbox 1222 3815 1374 3892; x_wconf 86' lang='lat' dir='ltr'><strong>faverunt,</strong></span> <span class='ocrx_word' id='word_1_204' title='bbox 1403 3832 1473 3895; x_wconf 84' lang='lat' dir='ltr'><strong>gra-</strong></span> 
     </span>
     <span class='ocr_line' id='line_1_29' title="bbox 343 3934 1475 4018; baseline -0.003 -20"><span class='ocrx_word' id='word_1_205' title='bbox 343 3937 402 4000; x_wconf 87' lang='lat' dir='ltr'><strong>tias</strong></span> <span class='ocrx_word' id='word_1_206' title='bbox 426 3954 484 4018; x_wconf 86' lang='lat' dir='ltr'><strong>ago</strong></span> <span class='ocrx_word' id='word_1_207' title='bbox 507 3953 599 4016; x_wconf 89' lang='lat' dir='ltr'><strong>quarn</strong></span> <span class='ocrx_word' id='word_1_208' title='bbox 621 3935 781 4000; x_wconf 82' lang='lat' dir='ltr'><strong>maximas.</strong></span> <span class='ocrx_word' id='word_1_209' title='bbox 827 3935 990 4004; x_wconf 84' lang='lat' dir='ltr'><strong>Praeterea</strong></span> <span class='ocrx_word' id='word_1_210' title='bbox 1005 3934 1162 3998; x_wconf 89' lang='lat' dir='ltr'><strong>beneficiis</strong></span> <span class='ocrx_word' id='word_1_211' title='bbox 1178 3953 1227 3998; x_wconf 89' lang='lat' dir='ltr'><strong>me</strong></span> <span class='ocrx_word' id='word_1_212' title='bbox 1246 3935 1475 4000; x_wconf 83' lang='lat' dir='ltr'><strong>obstrinxerunt</strong></span> 
     </span>
     <span class='ocr_line' id='line_1_30' title="bbox 343 4047 1481 4140; baseline -0.003 -20"><span class='ocrx_word' id='word_1_213' title='bbox 343 4057 374 4120; x_wconf 92' lang='lat' dir='ltr'><strong>et</strong></span> <span class='ocrx_word' id='word_1_214' title='bbox 389 4076 417 4121; x_wconf 88' lang='lat' dir='ltr'><strong>v.</strong></span> <span class='ocrx_word' id='word_1_215' title='bbox 441 4057 487 4120; x_wconf 89' lang='lat' dir='ltr'><strong>ill.</strong></span> <span class='ocrx_word' id='word_1_216' title='bbox 502 4057 716 4139; x_wconf 88' lang='lat' dir='ltr'><strong>Josephus</strong></span> <span class='ocrx_word' id='word_1_217' title='bbox 733 4057 888 4121; x_wconf 87' lang='lat' dir='ltr'><strong>Lezius</strong></span> <span class='ocrx_word' id='word_1_218' title='bbox 913 4057 1064 4140; x_wconf 84' lang='lat' dir='ltr'><strong>professor</strong></span> <span class='ocrx_word' id='word_1_219' title='bbox 1081 4055 1263 4120; x_wconf 87' lang='lat' dir='ltr'><strong>Kiouiensis</strong></span> <span class='ocrx_word' id='word_1_220' title='bbox 1280 4057 1311 4120; x_wconf 88' lang='lat' dir='ltr'><strong>et</strong></span> <span class='ocrx_word' id='word_1_221' title='bbox 1334 4047 1481 4138; x_wconf 66' lang='lat' dir='ltr'><strong>collegae*</strong></span> 
     </span>
     <span class='ocr_line' id='line_1_31' title="bbox 343 4175 1471 4261; baseline -0.002 -21"><span class='ocrx_word' id='word_1_222' title='bbox 343 4177 524 4241; x_wconf 88' lang='lat' dir='ltr'><strong>amicissimi</strong></span> <span class='ocrx_word' id='word_1_223' title='bbox 548 4177 746 4242; x_wconf 90' lang='lat' dir='ltr'><strong>Bernhardus</strong></span> <span class='ocrx_word' id='word_1_224' title='bbox 769 4179 921 4261; x_wconf 89' lang='lat' dir='ltr'><strong>Bursy,</strong></span> <span class='ocrx_word' id='word_1_225' title='bbox 954 4177 1088 4244; x_wconf 83' lang='lat' dir='ltr'><strong>Joannes</strong></span> <span class='ocrx_word' id='word_1_226' title='bbox 1112 4176 1348 4256; x_wconf 83' lang='lat' dir='ltr'><strong>Oarlblom,</strong></span> <span class='ocrx_word' id='word_1_227' title='bbox 1387 4175 1471 4240; x_wconf 53' lang='lat' dir='ltr'><strong>udus</strong></span> 
     </span>
     <span class='ocr_line' id='line_1_32' title="bbox 343 4299 620 4365; baseline 0.004 -1"><span class='ocrx_word' id='word_1_228' title='bbox 343 4299 434 4364; x_wconf 89' lang='lat' dir='ltr'><strong>ardus</strong></span> <span class='ocrx_word' id='word_1_229' title='bbox 459 4301 620 4365; x_wconf 90' lang='lat' dir='ltr'><strong>Haller.</strong></span> 
     </span>
    </p>
   </div>
   <div class='ocr_carea' id='block_1_10' title="bbox 0 0 1598 5282">
    <p class='ocr_par' dir='ltr' id='par_1_11' title="bbox 0 0 1598 5282">
     <span class='ocr_line' id='line_1_33' title="bbox 0 0 1598 5282; baseline 0 2"><span class='ocrx_word' id='word_1_230' title='bbox 0 0 1598 5282; x_wconf 95' lang='lat' dir='ltr'><strong> </strong></span> 
     </span>
    </p>
   </div>
  </div>
 </body>
</html>
