3186 5282
679 531 716 595 71

597 623 802 630 ⁸——

239 736 285 799 lIx
308 755 367 818 quo
391 736 489 800 conici
511 735 585 800 licet
607 735 802 818 primamne
825 755 885 800 uno
913 735 1035 819 quidem
1068 735 1136 800 Ioco
1158 751 1262 818 gram-

138 855 269 921 maticos
301 874 356 920 sua
387 855 517 920 libidine
543 861 601 934 „u“
627 856 770 922 intulisse
803 857 941 939 (excepto
964 856 1093 920 fortasse
1115 852 1263 921 Varronis

139 975 196 1059 Irg.
219 976 276 1040 sat.
300 975 383 1040 Men.
410 975 470 1038 175
494 975 624 1058 Bueoh.)
645 977 676 1059 ¹),
700 975 809 1040 deinde
832 993 891 1040 non
914 993 1044 1054 semper,
1068 974 1104 1058 ut
1125 973 1263 1056 plerique

138 1097 246 1176 putare
275 1095 429 1174 videntur,
461 1095 624 1179 scriptores
648 1097 679 1160 II
701 1115 728 1160 a.
753 1095 823 1161 Chr.
847 1116 878 1162 n.
902 1094 1015 1162 saeculi
1050 1104 1108 1178 ,u‘
1140 1094 1264 1176 scripti·

138 1216 230 1295 tasse,
263 1217 316 1281 sed
345 1218 376 1282 in
401 1216 470 1281 aliis
493 1217 691 1299 superlativis
715 1217 883 1282 secundum
907 1215 1124 1298 pronuntiandi
1146 1233 1263 1280 morem

141 1335 191 1418 „i“
226 1337 348 1418 saepius
381 1354 472 1418 quam
508 1345 578 1412 ‚,u“.
625 1335 870 1402 Consentaneum
905 1338 952 1401 est
983 1336 1160 1402 Ciceronem
1178 1335 1203 1420 ²)
1234 1337 1266 1401 et

140 1455 276 1521 CeIIIum
294 1457 322 1539 ³)
345 1460 466 1540 saepius
491 1465 550 1534 ,u“
576 1476 713 1523 seruasse
737 1477 829 1539 quam
852 1457 998 1523 Nonium.

240 1951 492 2034 Contemplemur
513 1971 591 2034 quae
615 1949 652 2015 de
675 1952 934 2034 superlativorum
965 1952 1184 2035 orthographia
1215 1953 1265 2016 in-

141 2073 333 2156 dagavimus.
378 2073 483 2156 Usque
516 2073 555 2137 ad
586 2072 668 2138 hunc
700 2072 781 2137 diem
812 2072 871 2137 viri
902 2072 985 2138 docti
1013 2073 1265 2138 entstimaverunt

144 2201 289 2272 „·umus“
316 2192 459 2258 suffixum
482 2193 634 2258 vetustius
657 2211 724 2258 esse
755 2212 848 2276 quam
875 2194 1023 2272 „·Imus“,
1054 2193 1112 2258 hoo
1143 2212 1180 2258 ex
1209 2193 1265 2258 illo

141 2333 207 2380 esse
229 2315 384 2391 ortum;
408 2333 501 2396 quam
525 2313 709 2379 sententiam
732 2313 780 2378 hIs
803 2314 995 2394 argumentis
1018 2313 1207 2395 probabant:
1234 2314 1265 2376 in

140 2432 393 2514 inscriptionibus
417 2433 528 2498 aetatis
550 2432 666 2497 liberae
689 2431 879 2514 reipublicae
902 2450 1022 2513 semper
1036 2431 1099 2496 fere
1116 2438 1265 2510 „·umus“

141 2551 245 2629 scribi,
274 2551 385 2616 aetatis
407 2551 623 2634 imperatoriae
646 2569 769 2634 semper
790 2552 853 2618 Iere
878 2553 1036 2630 „-imus“;
1075 2551 1156 2617 haud
1178 2570 1266 2616 secus

140 2671 173 2735 in
197 2671 368 2754 priscorum
390 2671 575 2754 scriptorum
598 2671 685 2736 libris
715 2692 804 2754 saepe
830 2679 887 2750 „u“
915 2675 1028 2738 extare.
1074 2671 1142 2752 Qua
1163 2691 1195 2736 re
1218 2673 1266 2736 illi

142 2790 269 2856 adducti
300 2792 395 2870 sunt,
415 2792 451 2856 ut
482 2791 622 2858 dicerent
644 2793 807 2874 scriptores
831 2813 855 2858 s.
879 2794 921 2858 VI
948 2813 975 2858 a.
999 2814 1029 2858 u.
1053 2813 1079 2858 c.
1103 2813 1268 2875 semper

142 2913 301 2996 scripsisse
327 2917 497 2990 „·umus“;
528 2913 597 2978 tum
621 2931 645 2976 s.
671 2913 729 2977 Vll
752 2914 783 2977 et
804 2914 893 2978 initio
918 2934 942 2978 s.
965 2913 1042 2978 VIII
1064 2914 1142 2978 hanc
1164 2913 1267 2979 ortho-

141 3034 305 3117 graphiam
326 3033 410 3098 baud
431 3051 500 3097 raro
523 3032 695 3098 adhibitam
719 3052 794 3114 esse,
817 3033 951 3097 maxime
974 3053 992 3099 a
1014 3033 1163 3099 Sallustio
1179 3033 1265 3098 aliis-

142 3173 209 3237 que,
246 3155 299 3236 qui
322 3155 464 3236 antiquos
487 3154 694 3232 imitarentur,
728 3154 905 3219 auctoribus
929 3156 1058 3236 denique
1082 3154 1211 3220 Caesare
1235 3155 1266 3219 et

141 3275 287 3358 Augusto
309 3274 465 3352 suffixum,
488 3274 570 3356 quod
593 3275 640 3338 est
664 3277 822 3351 „-umus“,
847 3274 884 3338 de
902 3274 1003 3338 medIo
1019 3293 1085 3338 esse
1100 3276 1264 3339 remotum.

143 3394 232 3475 Quod
264 3395 291 3460 si
321 3395 353 3458 in
385 3393 541 3458 codicibus
572 3394 732 3475 poetarum
764 3413 789 3458 s.
813 3394 857 3457 VI
890 3393 938 3470 „i“
971 3393 1158 3475 frequentari
1180 3393 1266 3458 vide-

141 3535 254 3594 remus,
292 3514 350 3581 hoc
382 3531 449 3580 esse
481 3513 650 3578 scribarum
687 3531 785 3577 errore
820 3513 947 3590 Iactum,
985 3513 1038 3594 qui
1068 3512 1267 3594 paullulatim

142 3634 333 3717 irrepsisset,
380 3651 478 3715 neque
523 3633 562 3697 ab
603 3651 709 3697 eorum
753 3631 913 3697 voluntate
958 3631 1150 3713 profectum
1195 3649 1267 3694 nam

148 3791 406 3800 -Μ

247 3875 273 3939 1)
301 3874 360 3926 Hac
378 3865 412 3926 de
431 3888 518 3928 causa
535 3874 630 3940 potius
648 3875 744 3928 Riesio
757 3874 957 3940 Muelleroquo,
976 3873 1024 3940 qui
1038 3873 1098 3926 cod.
1112 3871 1267 3938 Lipsiensis

142 3963 295 4017 lectionem
313 3962 489 4028 receperunt,
509 3975 593 4027 quam
611 3960 786 4015 Buechelero
805 3960 1016 4014 assentiendum
1036 3973 1099 4012 esse
1116 3959 1193 4025 puto.

246 4049 273 4113 2)
300 4046 384 4114 Apud
396 4045 559 4100 Ciceronem
574 4047 662 4100 octies
682 4057 743 4111 ,u“,
761 4047 880 4100 totidem
901 4047 960 4108 „i“;
979 4048 1064 4112 atque
1081 4045 1136 4098 hoc
1155 4043 1268 4110 quidem

142 4134 299 4187 notandum
318 4135 361 4187 est
379 4133 430 4186 has
450 4134 514 4186 octo
532 4133 638 4186 formas
660 4136 708 4196 „u“
728 4133 825 4187 littera
842 4133 962 4199 scriptas
981 4133 1010 4184 in
1029 4131 1161 4197 operibus
1180 4131 1268 4196 philo·

144 4220 268 4285 sophicis
298 4220 429 4282 invenirI,
459 4219 561 4286 quibus
590 4219 620 4272 in
650 4219 806 4274 scribendis
837 4220 938 4273 auctor
963 4219 1093 4271 veterum
1119 4219 1268 4284 poetarum

143 4303 231 4356 libros
250 4305 279 4357 iu
297 4319 383 4357 manu
401 4304 507 4368 habult,
527 4319 590 4358 cum
609 4305 638 4358 iu
657 4305 784 4372 epistulis
804 4305 839 4358 ad
856 4305 1009 4358 familiares
1028 4318 1067 4356 ex
1084 4306 1179 4358 mente
1197 4303 1268 4356 attu-

144 4388 210 4440 lerit
226 4389 305 4442 locos
323 4390 445 4456 ideoque
463 4405 514 4444 suc
533 4405 612 4445 more
639 4391 665 4444 h.
685 4405 708 4444 e.
730 4392 769 4450 ,Μ
790 4391 887 4446 littera
906 4391 1095 4457 superlativos
1114 4390 1268 4456 scripserit.

246 4473 273 4540 3)
302 4473 409 4528 Gellius
427 4476 470 4530 bis
492 4480 551 4540 ,u“,
568 4478 614 4530 ter
633 4479 683 4539 ,i“.
