3186 5282
686 496 722 561 11

137 702 294 788 quendam
319 704 400 768 inter
425 705 481 784 „u“
508 703 539 768 ct
563 704 612 782 „i“
636 703 757 768 litteras
773 721 883 768 sonum
899 703 977 770 abiit
989 702 1024 788 ¹).
1065 703 1137 796 'Hoc
1159 723 1265 772 verum

137 841 209 888 esse
231 821 432 887 fluctuatione
454 823 602 904 probatur
623 822 704 886 inter
731 829 789 900 „u“
815 824 846 887 et
870 823 931 904 „i“‚
967 841 1059 905 qnam
1091 824 1123 888 in
1154 823 1266 889 litteris

54 963 64 976 ·
141 944 248 1008 latinis
280 943 401 1008 codices
432 943 464 1007 ct
496 942 583 1008 tituli
614 943 778 1008 memoriae
801 942 1012 1027 prodiderunt.
1057 943 1163 1008 Meum
1187 963 1267 1010 nunc

140 1065 216 1146 puto
240 1063 277 1128 de
299 1064 357 1128 hac
379 1063 579 1129 fluctuatione
601 1063 681 1129 inter
703 1083 810 1130 -umus
832 1064 864 1128 et
886 1065 983 1130 -imus
1005 1064 1163 1130 disserere.

246 1184 426 1268 Quicunque
460 1184 497 1250 de
523 1184 571 1249 his
594 1185 686 1250 rebus
709 1185 953 1269 orthographicis
976 1184 1017 1250 ad
1040 1185 1096 1252 hoc
1118 1187 1265 1270 temporis

138 1307 311 1372 sententias
343 1307 547 1389 protulerunt,
582 1305 777 1372 consentiunt
810 1311 870 1384 „u“
902 1305 1040 1371 litteram
1071 1306 1204 1390 priorem
1236 1309 1267 1372 et

137 1428 342 1493 uetustiorem
366 1427 456 1494 huius
479 1426 581 1492 suffiri
603 1427 740 1493 vocalem
764 1426 883 1510 csse'J,
905 1446 984 1511 quac
1007 1428 1135 1494 exeunte
1150 1428 1266 1494 liberae

138 1545 330 1628 reipublicae
361 1546 463 1611 aetate
495 1547 526 1610 in
557 1546 604 1623 „1⁸
637 1546 758 1612 mutata
780 1546 829 1611 eit.
877 1544 976 1625 Quam
999 1546 1184 1612 sententiam
1206 1545 1265 1612 fal·

135 1683 209 1729 earn
247 1682 313 1730 esse
353 1665 524 1729 rationibus
556 1665 770 1749 etymologicis
800 1665 863 1730 iam
894 1665 1091 1747 probavimus
1122 1667 1155 1732 et
1185 1684 1265 1731 nunc

136 1783 224 1850 idem
249 1786 387 1850 omnium
409 1786 629 1868 exemplorum,
661 1804 739 1869 quae
762 1786 954 1870 collegimus,
984 1784 1085 1852 indice
1108 1787 1190 1852 inira
1212 1787 1265 1852 de-

138 1907 392 1972 monstrabimus.
805 1892 807 1896 ’

246 2025 436 2108 Componam
458 2025 555 2108 igitur

246 2147 278 2232 1)
302 2146 491 2229 Superlativi
512 2146 636 2226 formas,
661 2165 738 2229 quae
761 2147 792 2211 in
816 2138 957 2212 frustulis
973 2147 1098 2232 linguae
1114 2146 1264 2212 Oscorum

134 2266 173 2330 «et
195 2265 380 2332 Umbrorum
404 2265 518 2344 extant,

244 2385 279 2466 2)
302 2385 522 2468 superlativus,
555 2404 631 2468 quoe
663 2405 679 2450 e
710 2385 812 2450 titulis
834 2385 941 2451 latinis
964 2385 1087 2469 collegi,
1119 2403 1263 2450 ornneso

141 2504 297 2608 volumine
319 2506 418 2587 primo
443 2504 604 2588 „Corporis
626 2506 862 2588 inscriptionum
884 2506 1085 2584 latinarum“,
1115 2524 1132 2570 e
1154 2505 1264 2570 ceteris

136 2625 350 2691 'voluminibus
374 2645 434 2705 eos,
459 2627 563 2710 quiin
588 2645 695 2691 -umus
718 2626 837 2706 exeunt,

244 2745 279 2828 3)
303 2746 514 2830 Superlativos
546 2765 582 2812 ex
614 2747 703 2812 libris
726 2749 757 2812 et
779 2746 960 2830 fragmentis
984 2747 1167 2830 scriptorum
1191 2746 1263 2812 lati·

135 2884 250 2930 norum
274 2866 390 2931 saeculi
413 2885 441 2930 a.
464 2885 494 2930 u.
519 2884 545 2930 o.
568 2865 625 2930 Vi
639 2867 671 2932 et
686 2865 758 2932 VI-i
781 2866 843 2930 fere
866 2866 1014 2944 omniurn,
1037 2866 1153 2932 saeculi
1175 2865 1264 2931 vri-i

138 2984 172 3047 et
194 2984 305 3048 aetatis
327 2985 549 3068 imperatorum
573 2985 799 3051 nonnullorum.

244 3315 271 3368 ll
300 3315 471 3382 Bragmanm
490 3315 622 3368 Berichte
640 3315 712 3368 iiber
731 3316 775 3368 die
788 3315 1027 3382 Verhandlungen
1046 3315 1096 3368 der
1113 3315 1169 3382 kgl.
1185 3314 1263 3368 stich-

133 3401 254 3456 sischon
282 3400 435 3455 Gesellsch.
456 3402 480 3454 d.
500 3401 673 3454 Wissensch.
700 3401 911 3456 Philet-histor.
930 3400 969 3454 cl.
989 3401 1064 3464 1890,
1088 3413 1114 3467 p.
1133 3401 1200 3464 231;
1229 3401 1262 3454 ci.

140 3489 290 3554 praeterea
308 3501 380 3554 quae
398 3487 471 3540 idern
490 3488 535 3540 vir
562 3488 743 3541 doctissimus
770 3487 864 3554 Vergl.
884 3486 977 3540 Grani.
996 3487 1007 3540 Ι
1026 3488 1058 3541 91
1078 3501 1117 3554 sq.
1137 3487 1172 3540 de
1191 3488 1206 3538 t
1223 3487 1263 3540 in·

139 3575 342 3641 dogormanica
369 3575 510 3640 exposuit,
541 3588 624 3641 quarn
643 3574 672 3627 in
690 3574 811 3627 mediam
829 3574 904 3628 inter
921 3588 939 3627 u
958 3575 987 3628 et
1005 3575 1014 3627 i
1032 3573 1156 3628 litteram
1174 3574 1262 3626 muta·

140 3661 207 3713 runt
224 3663 324 3726 gentes
343 3657 465 3722 Italicae,
485 3673 548 3713 cum
567 3659 662 3714 littera
678 3660 788 3713 labialis
802 3661 929 3724 apertam
942 3659 1080 3727 syllabam
1093 3659 1260 3725 excipiebat.

243 3764 269 3828 2)
297 3762 335 3815 Gi.
355 3762 534 3826 Ritschelius,
552 3763 757 3829 Prolegomena
774 3762 810 3816 ad
828 3761 1029 3824 irinummum,
1048 3774 1073 3826 p.
1089 3759 1164 3814 XCV
1181 3760 1261 3827 (349).

140 3847 236 3912 Nuper
254 3847 416 3910 Parodi‚
445 3850 492 3915 qui
511 3849 599 3902 edidit
619 3848 834 3912 „Osservaaioni
852 3849 965 3902 intorno
987 3847 1014 3900 al
1026 3861 1117 3900 suono
1130 3847 1261 3901 mediano

140 3933 183 3986 fra
201 3947 219 3986 u
238 3934 267 3986 et
284 3934 309 3985 i“
339 3935 367 3987 in
388 3933 484 3998 „Studi
502 3935 613 3988 italiani
631 3935 657 3990 di
676 3935 801 4002 filologia
819 3934 939 3988 classica
957 3932 968 3985 Ι
989 3933 1106 3986 Firenne
1125 3933 1217 3996 1893‘,
1236 3945 1260 3999 p.

133 4020 286 4084 sset-434,
314 4022 459 4081 contendit
486 4036 523 4076 ox
552 4019 667 4086 „vocale
694 4022 842 4075 indistinta
869 4020 983 4075 davanti
1002 4034 1019 4074 a
1036 4020 1149 4073 nasale“
1178 4019 1261 4086 (·’mc‚

139 4107 225 4170 ·t'mo,
254 4107 328 4173 apud
345 4107 558 4174 Brugmannum
576 4121 670 4170 mmo,
690 4107 799 4174 tnnno)
826 4108 924 4160 natum
952 4120 1015 4160 esse
1042 4105 1149 4159 directa
1167 4105 1215 4158 via
1232 4106 1261 4159 in

140 4193 245 4258 linguis
263 4193 366 4247 italicis
385 4207 468 4256 -omo,
488 4195 576 4247 -torno
593 4176 672 4258 e(non
690 4174 772 4256 -efrno,
790 4195 885 4255 -temo,
913 4205 951 4245 ex
974 4191 1075 4258 quibus
1093 4191 1157 4256 post
1176 4204 1261 4254 omo,

139 4278 248 4344 tomo).
285 4279 337 4342 Qui
367 4294 430 4334 oum
458 4294 482 4346 p.
507 4280 558 4334 403
586 4293 644 4346 sqq.
671 4279 736 4344 post
762 4278 977 4332 Brambachium
1005 4277 1131 4343 aliosque
1158 4275 1260 4329 iterum

138 4365 388 4428 grammaticorum
409 4365 443 4420 de
461 4367 515 4419 hoc
532 4367 624 4419 modio
643 4380 713 4419 sono
732 4365 897 4418 testimonia
914 4363 1112 4429 composuerit,
1131 4362 1260 4429 equidem

138 4449 256 4501 chartae
273 4451 393 4515 peperci.
432 4507 435 4514 ,

1057 4549 1090 4606 lit
