3252 5274
686 529 748 594 129

147 737 215 799 ret:
249 752 433 817 „possumus
456 735 642 801 constituere
665 736 812 802 Plautum
830 736 866 800 in
890 735 1016 802 vocibus
1039 755 1156 816 „meus
1193 743 1274 814 tuus,

147 865 243 922 suus“
277 874 332 941 per
362 875 468 924 versus
499 857 592 921 finem
624 876 643 921 a
673 858 813 939 positivis
846 856 1025 939 separandis
1058 857 1121 922 fere
1154 857 1275 938 quidvis

95 1033 98 1036 .
148 977 210 1042 sibi
232 977 410 1043 indulsisse.
454 977 558 1058 Atque
579 976 637 1042 hoc
657 994 729 1042 sane
745 976 920 1041 mirandum
943 979 1009 1053 est;
1033 995 1116 1054 nam,
1138 977 1174 1040 ut
1195 975 1275 1041 infra

147 1097 334 1176 viduumne,
357 1097 389 1160 in
413 1097 539 1180 reliquis
563 1095 723 1161 adiectivis
745 1095 941 1177 seiungendis
963 1095 1024 1160 fuit
1046 1095 1273 1162 cautissimus.“

148 1217 318 1282 Simillimo
350 1217 500 1282 Rudentis
532 1235 621 1282 versu
652 1216 800 1298 probatur
829 1216 862 1280 in
893 1217 948 1280 Ba.
979 1236 1028 1282 vv.
1051 1215 1115 1281 879
1138 1235 1182 1298 sq.
1215 1234 1274 1280 non

146 1334 367 1400 offendendum
399 1353 465 1399 esse
495 1335 527 1399 in
559 1335 739 1417 pronomine
775 1342 882 1408 „mea“
908 1355 926 1398 a
952 1335 1084 1410 „Salus“
1110 1335 1272 1399 disiuncto.

146 1458 195 1522 At
217 1455 315 1522 altera
336 1457 433 1520 restat
455 1456 599 1522 offensio:
631 1455 701 1539 lego
732 1455 813 1520 enim
845 1456 1013 1520 iambicum
1047 1461 1155 1532 „moa“
1186 1456 1275 1521 initio

145 1595 255 1642 versus
278 1575 352 1642 880.
397 1575 526 1640 Constat
548 1575 771 1640 nominativum
794 1576 911 1658 primae
933 1595 1026 1658 quam
1049 1575 1157 1641 dicunt
1170 1595 1275 1659 gram

146 1698 257 1763 matioi
298 1696 512 1762 declinationis
553 1696 724 1779 antiquitus
765 1696 910 1761 nltimam
954 1695 1106 1778 syllabam
1149 1696 1274 1780 longam

146 1817 343 1896 habuisse¹).
387 1817 428 1880 Et
451 1835 638 1899 quamquam
662 1816 814 1898 correptio
838 1835 856 1880 a
879 1816 1122 1899 pronominibus,
1145 1817 1275 1881 adiecti·

148 1937 207 2012 vis,
231 1936 356 2001 vocibus
379 1936 531 2000 encliticis
554 1935 680 2000 initium
703 1936 821 2018 cepisse
843 1935 966 2000 videtur
980 1935 1015 2016 ²),
1043 1935 1145 2001 inveni
1170 1939 1274 2002 mmen

152 2057 271 2140 aliquot
291 2057 473 2138 pronomina
495 2057 629 2121 iambica
650 2057 681 2120 in
705 2056 812 2121 Plauti
834 2057 957 2133 fabulis,
980 2058 1032 2122 ut:

213 2211 267 2276 As.
292 2210 356 2276 768
378 2211 475 2276 Vocet
498 2212 657 2277 convivam
681 2211 835 2276 nominem
857 2212 959 2276 illa:
990 2212 1026 2276 tir
1047 2229 1147 2276 noces

235 2331 303 2412 (ubi
320 2331 459 2396 iambum
483 2332 514 2396 in
538 2331 645 2414 quinto
667 2331 745 2412 pede
767 2332 818 2396 vix
840 2350 983 2395 excusare
1005 2335 1195 2411 possumus.)

214 2451 258 2517 St.
284 2451 346 2515 159
370 2451 452 2516 Nam
473 2449 558 2516 illa'
580 2471 628 2516 me
651 2453 682 2516 in
706 2452 775 2517 alvo
795 2451 915 2516 mdnses
938 2432 1074 2534 gestavit
1097 2452 1213 2516 decem.

150 2572 222 2656 (boc
245 2570 283 2635 ab
306 2571 448 2636 omnibus
471 2571 560 2636 codd.
593 2589 663 2636 cnm
697 2571 725 2634 A
748 2569 899 2638 traditum
920 2589 1010 2635 nemo
1034 2588 1094 2634 non
1116 2571 1275 2653 mutavit.)

213 2691 268 2756 Cu.
291 2689 333 2754 80
356 2689 481 2774 Edque
504 2692 657 2774 extemplo
679 2691 732 2757 ubi
754 2671 826 2756 vino
850 2690 906 2756 has
929 2671 1088 2773 conspersi
1109 2690 1200 2756 fores,

251 2831 293 2896 ut
315 2831 418 2913 ipsum
440 2839 572 2909 „mea“:

212 2963 266 3030 Cu.
278 2964 553 3032 doarensium
565 2985 651 3032 meus
661 2968 830 3050 gestitavit.
845 2974 880 3046 ssss
893 2963 941 3032 Ac
957 2986 988 3030 m
998 2978 1045 3032 ea
1062 2967 1227 3032 matertera
1238 2965 1273 3046 ³).

212 3170 368 3253 †Amp.
402 3171 481 3236 797
512 3153 596 3236 Hur‘c
628 3172 751 3251 dedisti,
789 3172 938 3255 posthanc
971 3191 1093 3237 rursum
1126 3173 1274 3254 dbsig-

902 3293 1021 3358 nasti
1043 3293 1229 3357 clanculum.

251 3429 302 3496 Sic
325 3430 466 3515 cmnes⁴>
496 3430 577 3511 libri,
601 3431 662 3495 nisi
685 3429 766 3513 quod
791 3429 957 3511 „posthac“
986 3431 1110 3496 babent.
1138 3431 1274 3496 -Nisi

148 3551 268 3616 hiatum
300 3552 332 3616 in
364 3551 494 3618 diacresi
524 3552 680 3631 patiamur
711 3550 870 3636 (Gaetuius
903 3551 934 3616 et
957 3550 1129 3617 Schoellius
1162 3551 1193 3616 in
1226 3551 1273 3616 ed.

251 3794 278 3855 ll
307 3793 507 3856 Buechelerns,
534 3794 578 3846 De
605 3794 793 3848 declinatione
813 3794 909 3856 latina,
938 3795 979 3847 ed.
999 3795 1051 3856 da,
1079 3808 1104 3860 p.
1123 3793 1173 3847 21:
1205 3795 1274 3857 „Die

150 3877 319 3944 weiblichen
346 3879 506 3934 a-Stamme
534 3881 654 3946 endigen
682 3881 733 3933 aul
755 3881 859 3947 langen
877 3881 966 3933 Vocal
985 3880 1027 3933 bis
1046 3895 1110 3933 num
1127 3879 1206 3935 Ende
1225 3883 1273 3935 des

151 3964 284 4018 seohsten
310 3965 543 4020 dabrhnnderts“.
579 3967 610 4019 ln
636 3965 814 4020 Fleckeiseni
838 3967 936 4019 Annal.
955 3981 981 4019 v.
1000 3965 1035 4020 87
1053 3967 1150 4032 (1863),
1179 3983 1204 4034 p.
1222 3969 1273 4022 336

149 4049 225 4102 idem
253 4051 320 4104 dicit
347 4067 379 4106 se
405 4053 434 4107 in
462 4054 593 4119 genuinis
621 4055 756 4106 saturniis
783 4053 891 4106 nullum
912 4067 1026 4106 versum
1045 4054 1197 4116 invenisse,
1225 4053 1273 4120 qui

149 4135 207 4202 legi
225 4140 397 4204 nonpossit,
416 4139 472 4192 nisi
492 4143 538 4202 „u“
560 4141 697 4206 correpta.

251 4223 278 4290 2)
305 4224 506 4290 Buechelerns,
526 4227 560 4280 de
579 4225 678 4280 decliu.
697 4241 722 4293 p.
741 4227 782 4280 21.

250 4309 277 4375 3)
306 4311 348 4364 De
369 4314 462 4376 „mea“
481 4313 511 4366 in
530 4313 662 4366 baccheis
680 4311 752 4378 (Cas.
772 4311 832 4378 696)
851 4313 940 4366 taceo.

249 4395 276 4464 4)
304 4397 485 4462 Ritscbeiius,
512 4399 583 4452 Nov.
604 4413 716 4452 excors.
735 4399 825 4452 Plant.
852 4413 877 4464 p.
896 4399 931 4452 44
948 4398 1010 4450 adn.
1039 4409 1135 4449 errore
1163 4396 1271 4450 dixisse

149 4481 263 4536 videtur
280 4483 310 4536 in
329 4484 388 4538 cod.
408 4487 505 4538 vetere
525 4489 655 4546 „rursus“
677 4486 826 4538 exaratum
845 4498 916 4536 esse.
