3186 5282
698 522 738 588 51

262 797 299 879 3)
333 795 518 878 superlativi
542 796 571 859 in
595 795 724 861 Ontonia
749 798 828 861 libre
852 794 892 859 (le
915 797 981 878 apri
1005 797 1125 860 cultura
1142 794 1177 880 ¹).

262 1001 300 1064 In
322 997 447 1066 Catenis
471 999 559 1065 codd.
583 1017 704 1083 semper
727 999 777 1078 „i“
801 999 951 1082 scriplum
974 999 1077 1064 inveni
1093 995 1119 1082 ²)
1147 999 1282 1082 exceptis

158 1121 207 1188 bis
230 1120 330 1187 lribus
352 1119 445 1216 locis:

265 1310 296 1394 l)
329 1328 355 1375 c.
379 1310 451 1388 4l,l
476 1310 604 1391 optuma
625 1310 693 1376 ΡΑ.

262 1428 296 1514 2)
329 1449 354 1495 c.
381 1428 472 1509 148,l
498 1430 542 1515 [in
566 1430 682 1512 triduo)
705 1447 854 1514 proxume
877 1430 931 1509 Pe,
953 1398 1101 1514 proxume
1124 1432 1153 1496 b.

209 1559 211 1562 ·
262 1548 296 1633 3)
329 1568 355 1615 c.
378 1548 420 1614 93
443 1569 618 1616 maxumam
642 1550 696 1628 Pe,
720 1551 939 1617 maximumam
964 1553 991 1616 A
1015 1570 1090 1618 corr.

264 1807 349 1872 Haec
373 1808 455 1885 sunl,
478 1825 556 1890 quae
572 1807 675 1901 Pereii
696 1825 794 1892 genus
816 1808 969 1874 scribendi
983 1808 1138 1874 testantur
1154 1808 1287 1892 vesligia

160 1927 277 2010 pusilla
293 1926 327 2011 Β),
362 1946 398 1993 ex
420 1927 532 2012 quibus
554 1927 591 1992 ul
613 1946 702 1994 nemo
725 1927 873 1995 iudicium
897 1928 991 1994 faciel
1013 1927 1163 1994 Catonem
1185 1929 1286 1996 sclavi

161 2047 278 2114 saeculi
300 2066 383 2114 more
409 2048 460 2125 „i“
482 2048 588 2114 littera
611 2049 673 2114 lere
696 2049 762 2114 sola
785 2068 876 2114 usum
899 2067 975 2126 esse,
1003 2048 1048 2114 ila
1069 2049 1096 2114 si
1118 2049 1187 2132 quis
1209 2047 1287 2114 nihil

162 2169 262 2234 tribus
284 2169 348 2233 illis
371 2167 478 2234 formis
497 2167 696 2234 tribuendum
720 2168 867 2248 censebit,
891 2169 969 2234 mibi
990 2169 1114 2251 quidem
1139 2187 1198 2234 non
1214 2187 1286 2252 prc-

163 2289 259 2370 babit,
283 2289 428 2372 qnoniam
451 2307 521 2354 cum
543 2289 670 2368 labella,
693 2307 787 2372 quam
810 2289 847 2355 de
870 2289 975 2355 Plauli
997 2308 1057 2357 usu
1078 2289 1109 2354 iu
1133 2309 1164 2372 p.
1180 2287 1222 2354 43
1240 2309 1285 2373 sq.

164 2411 330 2494 composui,
368 2411 458 2493 plane
490 2415 673 2491 congruunt.
728 2409 822 2476 (iuius
857 2411 965 2493 poetas
996 2429 1184 2494 quamquam
1216 2414 1288 2494 posi

163 2531 295 2594 mertem
317 2529 394 2610 Calo
412 2531 581 2613 praecepta
602 2531 640 2598 de
662 2531 729 2612 agri
751 2532 874 2596 cullura
905 2531 1037 2614 scripsit,
1069 2532 1174 2597 lamen
1206 2532 1287 2596 anbi-

164 2651 302 2733 quiorem
325 2651 460 2718 indolem
488 2670 560 2734 prae
583 2671 615 2716 se
637 2652 718 2717 bunc
740 2653 850 2718 tulisse
872 2670 909 2717 ex
931 2652 1179 2736 frequentissimo
1202 2651 1288 2718 verbi

164 2771 264 2852 „siel“
298 2789 357 2837 usu
373 2773 398 2856 ⁴)
431 2772 557 2852 canicie,
595 2791 688 2856 quam
719 2773 851 2838 formam
882 2771 1074 2838 Sarsinalem
1108 2771 1193 2838 nulle
1224 2771 1289 2838 fere

164 2910 270 2958 versus
307 2894 374 2960 lece
411 2894 551 2977 posuisse
588 2895 697 2960 netum
734 2894 782 2959 esi
825 2894 886 2960 uisi
929 2894 961 2959 in
999 2893 1203 2960 iambiccmm
1238 2891 1286 2958 vel

164 3014 392 3082 trochaicerum
414 3015 474 3082 fine
497 3015 619 3082 cretico.

176 3373 178 3380 ¹
270 3393 296 3458 1)
324 3390 483 3444 Secundum
502 3390 655 3444 editionem
674 3389 802 3443 criticam
826 3388 857 3442 H.
876 3388 948 3453 Keil,
974 3389 1085 3456 Lipsiae
1105 3390 1188 3454 1882;
1216 3389 1289 3442 Ρ-
1326 3441 1328 3447 A

166 3479 304 3532 lectiones
332 3477 437 3530 codicis
464 3475 598 3530 Marciani
625 3476 660 3530 ab
677 3475 786 3543 Augelc
805 3475 946 3529 Politianc
974 3476 1004 3528 in
1021 3477 1147 3544 principe
1166 3477 1291 3530 editione

167 3565 327 3627 educimus,
355 3563 382 3616 A
400 3593 430 3602 -
451 3563 511 3618 eod.
533 3562 622 3616 Paria.
650 3562 718 3617 6842
737 3562 768 3625 A,
798 3577 863 3616 c-
883 3563 943 3616 eud.
963 3560 1112 3626 Caesones,
1144 3563 1209 3616 b—
1230 3561 1290 3616 cccl.

166 3649 297 3704 Lauraui.
316 3651 357 3712 51,
376 3651 400 3704 2.
482 3660 483 3664 ’

271 3755 298 3820 2)
325 3753 397 3808 41·el
414 3754 547 3815 issimus,
578 3753 647 3806 bias
665 3752 806 3814 errimus,
838 3750 895 3805 l-el
912 3751 1036 3816 illimus,
1074 3752 1143 3806 ilias
1169 3750 1291 3814 infimus,

167 3839 254 3896 abies
281 3840 433 3902 maximus,
470 3839 555 3894 lbies
584 3839 726 3900 minimus,
763 3837 849 3892 libies
879 3837 1011 3904 optimus,
1047 3836 1116 3890 ilias
1144 3836 1291 3903 plurimun,

169 3924 223 3980 1·el
240 3924 398 3992 proximus.

271 4027 300 4095 3)
327 4026 409 4092 Quod
426 4028 456 4082 iu
475 4027 534 4082 cod.
553 4028 577 4080 A
595 4027 732 4094 scriptum
750 4027 811 4080 est:
833 4025 977 4080 diutisime
995 4038 1018 4078 e.
1036 4024 1109 4089 35,1,
1127 4024 1292 4078 similimum

169 4129 191 4170 c.
218 4114 292 4179 46‚1,
321 4114 526 4182 pulcherimum
556 4115 585 4167 el
612 4113 766 4168 acerimum
794 4127 816 4166 e.
846 4112 932 4176 1043,
964 4125 1032 4166 casu
1062 4111 1156 4178 polius
1186 4110 1292 4164 facium

169 4214 233 4258 esse
251 4203 328 4268 pulc.

272 4303 298 4369 4)
326 4302 530 4357 Coniuneiivus
557 4301 637 4356 verbi
663 4301 836 4356 substantivi
859 4302 889 4355 in
907 4300 1022 4356 Catenis
1041 4300 1119 4354 cedd.
1139 4299 1198 4353 fere
1217 4300 1292 4353 octo-

170 4389 231 4456 gies
262 4391 306 4442 est
334 4389 490 4456 bisyllabus
526 4388 615 4453 (siem,
647 4389 712 4452 sies,
742 4388 806 4451 slei,
834 4386 929 4454 sieut),
965 4387 1058 4441 miuus
1089 4385 1293 4454 quam-vicies

169 4474 390 4541 monosyllabus.
