3252 5274
838 535 899 600 182

766 621 971 638 fi--a--m-—a

306 739 428 825 poterit,
459 757 532 804 nam
563 739 693 804 tituli
722 738 806 822 iique
828 739 971 818 maxima,
1004 738 1058 821 qui
1079 738 1317 822 magistratuum
1342 759 1430 806 sana·

306 862 395 926 tusva
416 861 504 924 iussu
535 859 628 942 positi
656 859 737 938 sunt,
770 858 929 941 antiquam
953 858 1205 942 orthographiam
1227 859 1316 940 quasi
1338 861 1431 962 prisai

305 982 399 1048 moris
430 982 535 1046 notam
567 999 639 1063 prae
674 999 706 1046 aa
728 980 832 1046 faruni
854 999 952 1064 nequa
975 1000 1008 1046 sa
1030 981 1071 1047 ad
1092 980 1253 1048 homiuum
1276 981 1431 1046 litterato-

306 1120 375 1167 rum
406 1120 498 1167 uaum
530 1099 684 1166 scribendi
716 1100 777 1164 nisi
807 1118 920 1185 magno
950 1100 1099 1184 temporis
1131 1101 1232 1184 spatio
1254 1100 1432 1166 intermisso
1482 1123 1490 1132 ·
1619 1099 1621 1106 ’

308 1222 462 1306 adplicara
485 1221 594 1300 solent,
619 1220 708 1303 quod,
733 1221 906 1304 quicunque
928 1221 978 1285 val
999 1223 1194 1305 graaeaa·rai
1217 1222 1432 1306 epigraphicaa

307 1342 356 1408 val
378 1341 493 1407 latinae
516 1361 640 1426 operam
663 1343 788 1420 navant,
814 1341 890 1406 bana
914 1345 1072 1407 noverunt.
1119 1343 1262 1408 Getarum
1285 1341 1432 1407 nonnulla

308 1461 448 1528 audinum
480 1462 612 1546 vestigia
643 1462 758 1541 notavi,
790 1463 927 1526 aitamen
960 1442 1029 1526 cum
1062 1481 1214 1546 perpauca
1242 1463 1305 1528 sint
1327 1466 1431 1528 uirum

308 1582 444 1666 aliquam
466 1583 529 1649 vim
552 1583 591 1648 iia
615 1583 749 1648 tribuam
774 1601 868 1647 necne
890 1583 1025 1648 incertus
1048 1601 1134 1648 aum:

405 1738 472 1803 Mil.
497 1737 578 1803 295:
611 1738 677 1804 nasi
700 1738 759 1802 13¹.

406 1858 474 1924 Mil.
497 1858 578 1924 300:
612 1859 679 1924 nasi
701 1858 762 1922 B¹.

407 1982 501 2046 Poan.
524 1979 606 2046 839:
641 1981 708 2046 nasi
731 1978 871 2044 BODFZ.

407 2099 453 2166 St.
477 2099 557 2164 296:
592 2118 630 2164 ne
653 2100 679 2164 si
702 2100 737 2164 B.

318 2221 321 2239 '
408 2219 480 2285 Tru.
503 2217 585 2283 782:
619 2218 713 2283 nasisi
735 2216 796 2297 ΒΟ,
821 2218 887 2281 nasi
909 2217 936 2282 si
959 2217 997 2280 D.

408 2376 572 2440 Praeterea
602 2375 732 2440 fortasse
770 2375 818 2452 „te
850 2374 938 2438 nasi“
969 2373 999 2436 in
1033 2373 1128 2451 „tunc
1151 2373 1197 2437 si“
1230 2373 1316 2451 latet,
1351 2371 1432 2455 quod

308 2497 403 2563 Nonii
424 2497 498 2562 libri
519 2498 551 2560 in
573 2496 688 2561 Paauv.
713 2514 739 2562 v.
764 2493 827 2558 148
849 2493 900 2559 R.²
924 2493 1068 2560 exhibant
1091 2495 1133 2578 (v.
1157 2493 1316 2560 Ribbeukii
1339 2493 1429 2577 Trag.

310 2615 418 2700 fragm.
442 2635 472 2698 p.
496 2615 597 2699 XLII)
627 2619 648 2699 ).

413 2923 441 2991 1)
468 2924 507 2979 ef.
528 2939 600 2993 quae
619 2939 705 2994 supra
721 2940 747 2993 p.
768 2925 819 2980 180
836 2925 866 2978 in
885 2924 1004 2980 Oasinaa
1023 2938 1048 2978 v.
1068 2923 1118 2980 699
1137 2925 1297 2992 auspicatus
1316 2938 1386 2978 sum.
