3230 5282
856 479 900 544 96

312 687 462 771 mesura).
505 685 553 751 De
576 685 690 774 Plauto
713 686 767 750 ille
786 685 863 750 haee
878 705 908 769 p.
924 685 984 750 30:
1009 685 1117 764 „Iusta
1139 682 1437 768 appositionis

312 808 423 890 (scilic.
446 807 543 890 post
573 822 685 870 nornen
716 805 889 889 proprium)
920 805 1082 870 collocatio
1113 803 1237 885 neglegi
1267 804 1379 885 potest,
1410 803 1437 865 ei

311 947 421 994 nomen
452 927 623 1012 proprium,
655 928 738 1009 qnod
768 933 804 992 eat
835 927 991 1004 definitur,
1022 927 1052 990 in
1083 926 1145 990 fine
1167 925 1282 989 ordinis
1305 925 1436 1000 metrici,

312 1050 365 1129 qni
396 1047 519 1130 saepius
549 1065 620 1112 oum
652 1045 824 1112 sententiae
861 1044 1010 1111 incisione
1046 1045 1198 1122 convenit
1236 1043 1381 1126 ponitnr“
1400 1043 1409 1076 ¹
1414 1064 1436 1125 y.

311 1165 400 1246 Quod
423 1166 580 1230 siveram
603 1165 661 1242 eet
697 1164 846 1228 hahemus
877 1163 1062 1246 exemplum,
1094 1182 1155 1245 quo
1177 1162 1252 1228 ordo
1274 1162 1437 1226 vorborum

311 1285 447 1350 insolens
479 1286 652 1362 excusatur,
682 1284 711 1348 si
742 1301 851 1349 nornen
883 1284 1043 1366 proprium
1074 1284 1190 1366 insigni
1220 1299 1327 1348 versus
1357 1281 1435 1356 loco,

312 1407 445 1470 maxime
475 1405 494 1471 i.
529 1405 559 1482 t,
592 1404 770 1470 collocetur.
823 1403 914 1469 Hanc
943 1404 1045 1487 legem
1075 1403 1114 1468 ad
1147 1403 1284 1486 reliques
1317 1419 1437 1483 quoque

313 1524 521 1606 appositiones
552 1524 706 1606 pertinere
728 1524 750 1587 l.
773 1527 795 1588 l.
817 1543 847 1606 p.
870 1522 914 1586 30
936 1543 1002 1606 sqq.
1035 1523 1185 1604 exemplis
1216 1522 1375 1605 probatur,
1407 1541 1436 1585 r.

312 1644 494 1724 praesertim
516 1661 547 1725 p.
570 1642 623 1706 34.

414 1763 475 1830 Sed
496 1783 533 1828 ex
554 1765 641 1848 poesi
671 1763 808 1848 elegiaca
839 1763 924 1828 alind
955 1763 1130 1846 exemplum
1161 1763 1269 1827 afferre
1299 1779 1436 1844 possum,

311 1885 438 1950 memini
469 1883 552 1948 enim
583 1901 679 1948 unum
702 1903 718 1948 e
741 1883 899 1966 magistris
930 1884 1009 1948 mois
1040 1883 1072 1946 in
1095 1883 1208 1948 scholis
1231 1882 1344 1948 dixisse
1369 1883 1439 1959 „sat

311 2006 391 2082 est“,
414 2003 495 2087 quod
517 2004 649 2068 Plautus
671 2004 691 2070 i.
707 2004 728 2068 l.
752 2003 887 2085 ponebat
909 2004 952 2088 (v.
975 2023 1069 2086 supra
1091 2003 1147 2067 Nr.
1169 2003 1233 2086 19],
1257 2003 1339 2084 apud
1360 2023 1436 2085 poc-

312 2127 359 2188 tas
397 2124 550 2207 elegiacos
588 2124 767 2205 saepissime
798 2125 829 2188 in
860 2123 922 2187 fine
953 2123 1050 2205 partis
1082 2123 1193 2204 prioris
1225 2124 1275 2188 vel
1308 2125 1436 2189 alterins

311 2243 497 2325 pentametri
531 2244 684 2309 collocari.
741 2243 804 2317 Sed
839 2243 976 2308 revertar
1012 2244 1052 2307 ad
1084 2245 1263 2328 dactylicos.
1317 2244 1437 2308 llnnins

311 2364 413 2445 poesie
435 2364 607 2449 dactylicos
629 2365 745 2430 latinae
767 2365 909 2429 inventor
929 2384 1050 2446 semper
1072 2366 1133 2430 -ai
1163 2366 1209 2450 (in
1232 2365 1334 2448 prima
1357 2384 1436 2448 quae

311 2483 426 2548 dicitnr
447 2481 666 2568 declinatione)
697 2485 729 2548 in
760 2485 822 2549 fine
852 2485 1023 2550 hexametri
1049 2485 1184 2568 ponebat
1200 2486 1235 2566 ²),
1267 2505 1328 2569 qna
1349 2487 1380 2550 in
1403 2505 1437 2550 ro

311 2601 473 2668 Lucretius
507 2623 578 2668 eum
600 2605 724 2669 secutas
747 2605 795 2668 eet
811 2604 846 2688 ⁸).
892 2603 1016 2669 Certant
1048 2623 1168 2687 quoque
1201 2604 1307 2670 sedern
1338 2605 1437 2670 forme

310 2723 450 2789 archaice
481 2773 499 2802 „
512 2723 593 2788 olli
606 2730 621 2758 “
654 2725 790 2790 habebat
821 2725 853 2789 et
885 2724 967 2808 apud
997 2726 1133 2790 Ennium
1166 2728 1198 2790 et
1219 2725 1301 2808 apud
1324 2726 1437 2810 Vergi-

310 2843 438 2925 linm⁸)‚
463 2863 521 2910 non
545 2844 637 2908 finem
660 2844 717 2908 illa
739 2845 874 2926 quidem,
899 2844 953 2909 sed
975 2845 1099 2910 initium
1114 2865 1232 2910 versus,
1277 2844 1434 2924 Quasdam
1519 2891 1524 2898 -

310 2967 452 3029 certae
484 2963 692 3029 formulas
723 2982 933 3045 vocesque
964 2964 995 3028 in
1027 2965 1168 3029 clausula
1199 2965 1368 3030 hexametri
1396 2966 1435 3029 ab

309 3083 451 3150 omnibus
482 3085 582 3167 poetis
612 3083 684 3148 inde
715 3084 755 3148 ab
786 3084 886 3149 Ennio
917 3104 1013 3168 usque
1044 3085 1082 3150 ad
1113 3086 1249 3150 Paulum
1276 3085 1431 3152 Nolanum

309 3205 422 3269 iterum
459 3204 551 3286 atque
586 3203 700 3268 iterurn
738 3207 902 3286 usurpatae
939 3223 1005 3269 esse
1043 3205 1142 3270 insius
1174 3206 1327 3271 Antonius
1360 3206 1433 3270 Zin-

310 3323 394 3405 gerle
411 3322 439 3406 ⁸)
462 3321 578 3386 docuit.
701 3397 704 3406 ¹

303 3461 308 3472 ·
411 3443 552 3525 Denique
589 3443 724 3522 afferam,
762 3463 841 3527 qnae
877 3444 909 3508 in
954 3445 1127 3510 litteris
1169 3445 1432 3529 germanicis

413 3754 439 3812 ll
467 3753 558 3808 Etiam
576 3756 650 3822 apud
668 3756 832 3809 Terentium
858 3753 935 3808 illam
956 3753 1077 3820 „logem“
1106 3755 1202 3808 valere
1230 3769 1255 3820 p.
1278 3754 1314 3808 30
1336 3753 1397 3806 adn.
1418 3752 1433 3805 1

310 3839 385 3902 dlclt‚
413 3853 477 3894 narn
503 3841 567 3896 illos
594 3845 680 3904 locos,
708 3842 756 3895 ubi
774 3840 901 3908 vulgaris
919 3841 1106 3908 appositionis
1126 3841 1194 3894 ordo
1213 3841 1360 3907 neglectus
1379 3839 1433 3902 est,

309 3940 366 3981 uno
385 3930 505 3994 excepto
525 3929 614 3995 „legr‘
633 3927 676 3982 illi
693 3927 873 3996 respondere.

409 4031 438 4096 2)
465 4031 492 4084 h.
512 4030 636 4092 Mueller,
655 4028 687 4093 Q.
706 4029 814 4084 Ennius
831 3995 1013 4094 Petershurg-
1025 4029 1103 4084 1884.

410 4135 438 4200 3)
465 4134 637 4195 Staedlerus,
656 4133 672 4186 l.
692 4133 709 4185 l.
728 4147 753 4200 p.
774 4135 798 4188 6.

411 4239 437 4305 4)
465 4235 636 4298 Wotlrius,l
662 4235 678 4289 l.
698 4236 735 4300 (v.
754 4250 841 4304 supra
858 4251 883 4303 p.
903 4235 944 4299 83,
965 4235 1027 4290 adn.
1046 4235 1081 4297 2).
1107 4249 1109 4254 ·

409 4341 437 4404 5)
467 4339 521 4402 „Zu
550 4341 682 4407 saccaron
711 4340 897 4394 lateinischen
927 4340 1089 4401 Dichtern“‚
1120 4340 1185 4394 Heft
1215 4339 1233 4392 Ι,
1265 4338 1436 4406 (lnnsbruck

307 4427 387 4495 1873)
404 4441 430 4494 p.
449 4425 584 4488 44-103;
611 4425 675 4481 Heft
693 4425 716 4480 ll
734 4425 854 4495 (lnnsbr.
872 4425 949 4489 1879)
968 4441 994 4493 p.
1012 4425 1046 4479 49
1065 4439 1125 4496 sqq.
